1938 3248
1029 340 1086 382 54

431 462 510 507 Est
557 463 678 506 enim
722 462 861 506 animi
906 461 1044 506 totius
1091 477 1193 505 011111
1239 462 1541 507 concinnitate
1585 479 1676 522 pax

428 547 565 598 atque
607 541 855 585 harmonia.
889 565 949 570 —
982 540 1187 599 Apparet
1213 540 1311 598 jam
1345 555 1402 584 ex
1435 541 1516 584 illa
1548 541 1677 584 brevi

428 619 713 678 expositione
759 620 872 662 mira
912 619 1240 662 sententiarum
1273 618 1524 663 similitudo
1559 619 1677 663 inter
1721 630 1723 632 ·

428 695 634 739 Platonis
681 696 896 739 Politiam
939 703 984 738 et
1029 695 1169 753 Leges
1204 702 1250 737 et
1283 695 1675 753 Pythagoreorum

427 772 612 817 illorum
658 773 847 832 placita,
892 773 955 816 ita
990 778 1039 815 ut
1072 787 1152 831 per
1184 772 1447 832 allegoriam
1481 772 1538 816 ad
1573 772 1675 817 illos

428 852 628 909 torqueri
646 852 789 910 possit
806 851 1075 909 Hieronymi
1093 850 1269 895 dietum
1286 850 1361 909 (de
1379 852 1441 896 ill.
1462 849 1672 912 scriptt.):

430 929 554 985 „Aut
599 929 731 974 Plato
779 930 1046 989 philonissat
1086 936 1164 974 aut
1200 929 1332 974 Philo
1367 930 1672 990 platonissat.''

490 1008 630 1053 Nulla
683 1016 871 1068 apparet
915 1009 959 1051 in
1004 1009 1269 1067 fragmentis
1313 1009 1404 1053 illis
1450 998 1673 1068 opinionis

427 1086 689 1142 diversit-as,
724 1102 865 1144 quare
899 1102 989 1129 non
1023 1102 1137 1144 opus
1171 1087 1257 1130 fuit
1291 1087 1483 1145 singulis
1502 1093 1673 1130 senten-

426 1165 501 1208 tiis
535 1171 774 1208 auctorum
808 1165 991 1208 nomina
1025 1163 1214 1218 addere,
1240 1155 1367 1222 quasi
1386 1165 1524 1208 ceteri
1542 1165 1674 1208 aliter

420 1241 738 1299 judicaverint.
808 1240 854 1285 Si
890 1242 1067 1300 integra
1092 1257 1230 1300 opera
1247 1249 1444 1286 aetatem
1462 1242 1673 1286 tulissent

425 1319 691 1365 viderentur
741 1320 899 1365 eadem
949 1336 1088 1365 manu
1137 1336 1232 1365 esse
1283 1322 1546 1380 conscripta.
1626 1318 1672 1365 Si

423 1414 642 1458 germana
676 1406 785 1443 sunt
818 1400 1074 1459 fragmenta
1091 1400 1193 1454 illa,
1215 1400 1418 1444 Platonis
1436 1398 1670 1458 imprimis,

424 1477 504 1522 sed
539 1479 678 1521 etiam
712 1478 971 1521 Aristotelis
1005 1479 1250 1521 auctoritas
1282 1492 1419 1536 grave
1452 1476 1671 1520 damnum

425 1556 619 1615 patitur,
662 1571 767 1599 nam
801 1562 900 1599 tum
935 1554 1204 1599 Aristoteles
1238 1569 1417 1613 quoque
1451 1552 1670 1598 dicendus

422 1641 490 1678 est
524 1635 700 1693 saepius
735 1634 839 1681 inde
874 1650 954 1677 sua
987 1634 1212 1678 sumsisse.
1232 1660 1293 1664 —-
1326 1633 1498 1677 Verum
1516 1647 1573 1676 an
1593 1637 1673 1674 aut

423 1719 647 1770 quatenus
665 1712 920 1770 fragmenta
937 1711 1330 1770 Pythagoreorum
1348 1710 1671 1767 antiquiorum,

423 1796 612 1848 excepto
657 1790 845 1832 fortasse
891 1788 1120 1839 Philolao,
1161 1803 1377 1848 germana
1411 1788 1502 1832 sint
1542 1801 1672 1845 quae·

423 1867 550 1910 ritur.
618 1866 808 1910 Saeculo
858 1867 1087 1925 superiore
1138 1866 1195 1910 ad
1243 1867 1381 1910 finem
1430 1870 1668 1923 vergente,

422 1943 772 2002 Christophorus
817 1943 1013 1988 Meiners
1052 1945 1225 2003 primus
1268 1944 1420 1988 critice
1454 1941 1670 1987 tractavit

421 2020 540 2064 hunc
596 2021 745 2065 locum
807 2020 1117 2081 philosophiae
1175 2022 1339 2066 veteris
1390 2020 1444 2078 1).
1518 2018 1668 2064 Secuti

473 2247 507 2294 1)
542 2249 641 2282 Anno
675 2248 761 2283 1781
794 2248 893 2282 edere
921 2249 1035 2294 coepit
1062 2249 1099 2283 C.
1130 2250 1177 2283 M.
1207 2261 1303 2283 suam
1334 2247 1511 2282 historiam
1540 2247 1666 2280 doctri·

419 2324 537 2348 narum
577 2311 670 2358 apud
705 2312 856 2347 Graecos
894 2316 927 2347 et
969 2313 1157 2354 Romanos,
1203 2314 1300 2359 cujus
1336 2313 1449 2360 operis
1488 2323 1664 2348 censuram

419 2378 499 2412 dare
535 2377 683 2412 instituit
719 2377 755 2411 V.
794 2377 882 2413 Clar.
912 2379 1080 2424 Wyttenb.
1110 2379 1146 2413 in
1176 2379 1340 2414 Biblioth.
1371 2378 1488 2413 Critic.
1519 2378 1553 2412 P.
1580 2377 1664 2411 VIII

418 2455 449 2489 p.
478 2443 658 2477 95—125.
687 2441 783 2478 Idem
813 2443 1019 2479 Meinersius
1046 2443 1192 2491 scriptor
1211 2447 1261 2479 est
1279 2442 1575 2479 commentationis
1594 2454 1625 2489 q.
1641 2441 1662 2476 i.

420 2507 653 2553 Abhandlung
689 2508 771 2543 iiber
807 2509 863 2544 die
893 2509 1076 2544 Aechtheit
1103 2509 1232 2555 einiger
1259 2510 1399 2556 Pythag.
1430 2507 1599 2544 Schriften
1627 2507 1661 2541 in

418 2571 541 2607 Philol.
571 2571 784 2613 Bibliothek,
815 2576 894 2608 tom.
926 2574 953 2607 V
986 2577 1081 2618 parte
1110 2577 1139 2608 5.
