<?xml version="1.0" encoding="UTF-8"?>
<!DOCTYPE html PUBLIC "-//W3C//DTD XHTML 1.0 Transitional//EN"
    "http://www.w3.org/TR/xhtml1/DTD/xhtml1-transitional.dtd">
<html xmlns="http://www.w3.org/1999/xhtml" xml:lang="en" lang="en">
 <head>
  <title>
</title>
<meta http-equiv="Content-Type" content="text/html;charset=utf-8" />
  <meta name='ocr-system' content='tesseract 3.04.00' />
  <meta name='ocr-capabilities' content='ocr_page ocr_carea ocr_par ocr_line ocrx_word'/>
</head>
<body>
  <div class='ocr_page' id='page_1' title='image "4737914_0018.png"; bbox 0 0 1938 3248; ppageno 0'>
   <div class='ocr_carea' id='block_1_1' title="bbox 1016 336 1042 378">
    <p class='ocr_par' dir='ltr' id='par_1_1' title="bbox 1016 336 1042 378">
     <span class='ocr_line' id='line_1_1' title="bbox 1016 336 1042 378; baseline 0 0"><span class='ocrx_word' id='word_1_1' title='bbox 1016 336 1042 378; x_wconf 83' lang='lat'><strong>2</strong></span> 
     </span>
    </p>
   </div>
   <div class='ocr_carea' id='block_1_2' title="bbox 390 454 1647 2081">
    <p class='ocr_par' dir='ltr' id='par_1_2' title="bbox 399 454 1646 595">
     <span class='ocr_line' id='line_1_2' title="bbox 399 454 1646 520; baseline -0.002 -15"><span class='ocrx_word' id='word_1_2' title='bbox 399 461 530 520; x_wconf 85' lang='lat' dir='ltr'>vigae</span> <span class='ocrx_word' id='word_1_3' title='bbox 568 458 730 516; x_wconf 88' lang='lat'>1857);</span> <span class='ocrx_word' id='word_1_4' title='bbox 749 456 895 503; x_wconf 86' lang='lat' dir='ltr'><strong>Carol.</strong></span> <span class='ocrx_word' id='word_1_5' title='bbox 915 456 1022 502; x_wconf 89' lang='lat' dir='ltr'><strong>Ern.</strong></span> <span class='ocrx_word' id='word_1_6' title='bbox 1043 454 1241 516; x_wconf 86' lang='lat' dir='ltr'>Georges</span> <span class='ocrx_word' id='word_1_7' title='bbox 1260 454 1646 509; x_wconf 84' lang='lat' dir='ltr'><strong>(Lat.·Deutsches</strong></span> 
     </span>
     <span class='ocr_line' id='line_1_3' title="bbox 399 535 1364 595; baseline -0.005 -11"><span class='ocrx_word' id='word_1_8' title='bbox 399 539 456 584; x_wconf 91' lang='lat' dir='ltr'><strong>H.</strong></span> <span class='ocrx_word' id='word_1_9' title='bbox 490 537 716 583; x_wconf 70' lang='lat' dir='ltr'><strong>Worterb.</strong></span> <span class='ocrx_word' id='word_1_10' title='bbox 752 536 822 581; x_wconf 83' lang='lat' dir='ltr'><strong>ed.</strong></span> <span class='ocrx_word' id='word_1_11' title='bbox 862 538 961 591; x_wconf 71' lang='lat'><strong>12⁸,</strong></span> <span class='ocrx_word' id='word_1_12' title='bbox 996 535 1174 595; x_wconf 83' lang='lat' dir='ltr'><strong>Lipsiae</strong></span> <span class='ocrx_word' id='word_1_13' title='bbox 1214 535 1364 594; x_wconf 89' lang='grc'>1861).</span> 
     </span>
    </p>

    <p class='ocr_par' dir='ltr' id='par_1_3' title="bbox 393 613 1647 1755">
     <span class='ocr_line' id='line_1_4' title="bbox 462 613 1646 674; baseline -0.003 -13"><span class='ocrx_word' id='word_1_14' title='bbox 462 615 675 661; x_wconf 73' lang='lat' dir='ltr'><strong>citantur</strong></span> <span class='ocrx_word' id='word_1_15' title='bbox 729 615 785 658; x_wconf 92' lang='lat' dir='ltr'><strong>ab</strong></span> <span class='ocrx_word' id='word_1_16' title='bbox 837 614 891 658; x_wconf 88' lang='lat' dir='ltr'><strong>iis</strong></span> <span class='ocrx_word' id='word_1_17' title='bbox 935 613 1215 672; x_wconf 87' lang='lat' dir='ltr'><strong>conjunctim</strong></span> <span class='ocrx_word' id='word_1_18' title='bbox 1262 613 1309 657; x_wconf 92' lang='lat' dir='ltr'><strong>hi</strong></span> <span class='ocrx_word' id='word_1_19' title='bbox 1352 614 1463 668; x_wconf 88' lang='lat' dir='ltr'><strong>loci,</strong></span> <span class='ocrx_word' id='word_1_20' title='bbox 1508 630 1646 674; x_wconf 90' lang='lat' dir='ltr'><strong>quos,</strong></span> 
     </span>
     <span class='ocr_line' id='line_1_5' title="bbox 398 691 1645 751; baseline -0.002 -12"><span class='ocrx_word' id='word_1_21' title='bbox 398 710 502 739; x_wconf 92' lang='lat' dir='ltr'><strong>cum</strong></span> <span class='ocrx_word' id='word_1_22' title='bbox 552 693 808 738; x_wconf 82' lang='lat' dir='ltr'>doctrinam</span> <span class='ocrx_word' id='word_1_23' title='bbox 857 692 1077 736; x_wconf 82' lang='lat' dir='ltr'><strong>moralem</strong></span> <span class='ocrx_word' id='word_1_24' title='bbox 1122 706 1214 735; x_wconf 89' lang='lat' dir='ltr'><strong>non</strong></span> <span class='ocrx_word' id='word_1_25' title='bbox 1258 691 1508 751; x_wconf 86' lang='lat' dir='ltr'><strong>attingant,</strong></span> <span class='ocrx_word' id='word_1_26' title='bbox 1556 708 1645 737; x_wconf 91' lang='lat' dir='ltr'><strong>non</strong></span> 
     </span>
     <span class='ocr_line' id='line_1_6' title="bbox 398 770 1647 818; baseline -0.002 0"><span class='ocrx_word' id='word_1_27' title='bbox 398 773 675 818; x_wconf 83' lang='lat' dir='ltr'><strong>describam:</strong></span> <span class='ocrx_word' id='word_1_28' title='bbox 710 771 769 816; x_wconf 94' lang='lat' dir='ltr'><strong>M.</strong></span> <span class='ocrx_word' id='word_1_29' title='bbox 805 771 986 816; x_wconf 86' lang='lat' dir='ltr'><strong>Vitruv.</strong></span> <span class='ocrx_word' id='word_1_30' title='bbox 1022 770 1216 815; x_wconf 88' lang='lat' dir='ltr'><strong>Pollion.</strong></span> <span class='ocrx_word' id='word_1_31' title='bbox 1248 770 1304 815; x_wconf 90' lang='lat' dir='ltr'><strong>de</strong></span> <span class='ocrx_word' id='word_1_32' title='bbox 1328 770 1647 816; x_wconf 76' lang='lat' dir='ltr'><strong>Architectura</strong></span> 
     </span>
     <span class='ocr_line' id='line_1_7' title="bbox 396 848 1640 911; baseline -0.002 -13"><span class='ocrx_word' id='word_1_33' title='bbox 396 853 424 897; x_wconf 93' lang='lat' dir='ltr'><strong>l.</strong></span> <span class='ocrx_word' id='word_1_34' title='bbox 461 852 527 898; x_wconf 94' lang='lat' dir='ltr'><strong>IV</strong></span> <span class='ocrx_word' id='word_1_35' title='bbox 560 867 596 896; x_wconf 91' lang='lat' dir='ltr'><strong>c.</strong></span> <span class='ocrx_word' id='word_1_36' title='bbox 634 851 684 907; x_wconf 86' lang='grc'><strong>6,</strong></span> <span class='ocrx_word' id='word_1_37' title='bbox 718 850 959 905; x_wconf 75' lang='lat' dir='ltr'><strong>Priscian,</strong></span> <span class='ocrx_word' id='word_1_38' title='bbox 983 848 1040 894; x_wconf 89' lang='lat' dir='ltr'><strong>de</strong></span> <span class='ocrx_word' id='word_1_39' title='bbox 1061 848 1200 909; x_wconf 86' lang='lat' dir='ltr'><strong>pond.</strong></span> <span class='ocrx_word' id='word_1_40' title='bbox 1224 857 1271 895; x_wconf 86' lang='lat' dir='ltr'><strong>et</strong></span> <span class='ocrx_word' id='word_1_41' title='bbox 1291 866 1431 895; x_wconf 88' lang='lat' dir='ltr'><strong>mens.</strong></span> <span class='ocrx_word' id='word_1_42' title='bbox 1455 867 1496 911; x_wconf 94' lang='lat' dir='ltr'><strong>p.</strong></span> <span class='ocrx_word' id='word_1_43' title='bbox 1527 853 1640 895; x_wconf 91' lang='lat'>1351</span> 
     </span>
     <span class='ocr_line' id='line_1_8' title="bbox 396 927 1641 989; baseline -0.002 -14"><span class='ocrx_word' id='word_1_44' title='bbox 396 931 464 975; x_wconf 87' lang='lat' dir='ltr'><strong>ed.</strong></span> <span class='ocrx_word' id='word_1_45' title='bbox 499 930 601 974; x_wconf 91' lang='lat' dir='ltr'><strong>Hel.</strong></span> <span class='ocrx_word' id='word_1_46' title='bbox 636 929 806 973; x_wconf 88' lang='lat' dir='ltr'><strong>Putsch</strong></span> <span class='ocrx_word' id='word_1_47' title='bbox 845 929 913 986; x_wconf 84' lang='lat'><strong>1),</strong></span> <span class='ocrx_word' id='word_1_48' title='bbox 949 927 1164 988; x_wconf 84' lang='lat' dir='ltr'><strong>Cypriani</strong></span> <span class='ocrx_word' id='word_1_49' title='bbox 1198 929 1326 973; x_wconf 90' lang='lat' dir='ltr'><strong>locus</strong></span> <span class='ocrx_word' id='word_1_50' title='bbox 1355 929 1542 989; x_wconf 88' lang='lat' dir='ltr'><strong>quidam</strong></span> <span class='ocrx_word' id='word_1_51' title='bbox 1565 930 1641 974; x_wconf 85' lang='lat' dir='ltr'><strong>ubi</strong></span> 
     </span>
     <span class='ocr_line' id='line_1_9' title="bbox 395 1005 1644 1069; baseline -0.002 -16"><span class='ocrx_word' id='word_1_52' title='bbox 395 1009 491 1069; x_wconf 85' lang='lat' dir='ltr'><strong>agit</strong></span> <span class='ocrx_word' id='word_1_53' title='bbox 522 1008 577 1052; x_wconf 89' lang='lat' dir='ltr'><strong>de</strong></span> <span class='ocrx_word' id='word_1_54' title='bbox 612 1007 783 1052; x_wconf 87' lang='lat' dir='ltr'><strong>cardin.</strong></span> <span class='ocrx_word' id='word_1_55' title='bbox 819 1005 989 1052; x_wconf 81' lang='lat' dir='ltr'><strong>Christi</strong></span> <span class='ocrx_word' id='word_1_56' title='bbox 1008 1006 1242 1066; x_wconf 88' lang='lat' dir='ltr'><strong>operibus,</strong></span> <span class='ocrx_word' id='word_1_57' title='bbox 1261 1006 1366 1051; x_wconf 89' lang='lat' dir='ltr'><strong>Isid.</strong></span> <span class='ocrx_word' id='word_1_58' title='bbox 1391 1009 1459 1062; x_wconf 87' lang='lat'><strong>13,</strong></span> <span class='ocrx_word' id='word_1_59' title='bbox 1483 1009 1552 1063; x_wconf 93' lang='lat' dir='ltr'><strong>ll,</strong></span> <span class='ocrx_word' id='word_1_60' title='bbox 1575 1008 1644 1062; x_wconf 89' lang='lat'><strong>14,</strong></span> 
     </span>
     <span class='ocr_line' id='line_1_10' title="bbox 395 1083 1643 1145; baseline -0.002 -13"><span class='ocrx_word' id='word_1_61' title='bbox 395 1086 518 1133; x_wconf 83' lang='lat' dir='ltr'><strong>Serv.</strong></span> <span class='ocrx_word' id='word_1_62' title='bbox 569 1086 627 1130; x_wconf 89' lang='lat' dir='ltr'><strong>ad</strong></span> <span class='ocrx_word' id='word_1_63' title='bbox 676 1083 851 1130; x_wconf 84' lang='lat' dir='ltr'><strong>Aeneid</strong></span> <span class='ocrx_word' id='word_1_64' title='bbox 900 1084 921 1128; x_wconf 96' lang='lat' dir='ltr'>I</span> <span class='ocrx_word' id='word_1_65' title='bbox 967 1101 975 1126; x_wconf 92' lang='lat'>:</span> <span class='ocrx_word' id='word_1_66' title='bbox 1026 1085 1110 1128; x_wconf 89' lang='lat'><strong>155</strong></span> <span class='ocrx_word' id='word_1_67' title='bbox 1162 1083 1258 1143; x_wconf 87' lang='lat' dir='ltr'><strong>(alii</strong></span> <span class='ocrx_word' id='word_1_68' title='bbox 1308 1086 1417 1141; x_wconf 86' lang='lat'><strong>135,</strong></span> <span class='ocrx_word' id='word_1_69' title='bbox 1455 1091 1643 1145; x_wconf 86' lang='lat' dir='ltr'><strong>uterque</strong></span> 
     </span>
     <span class='ocr_line' id='line_1_11' title="bbox 393 1161 1641 1222; baseline -0.002 -13"><span class='ocrx_word' id='word_1_70' title='bbox 393 1180 614 1209; x_wconf 87' lang='lat' dir='ltr'><strong>numerus</strong></span> <span class='ocrx_word' id='word_1_71' title='bbox 639 1163 823 1207; x_wconf 89' lang='lat' dir='ltr'><strong>videtur</strong></span> <span class='ocrx_word' id='word_1_72' title='bbox 850 1163 1042 1206; x_wconf 88' lang='lat' dir='ltr'><strong>vitiosus</strong></span> <span class='ocrx_word' id='word_1_73' title='bbox 1071 1178 1153 1222; x_wconf 92' lang='lat' dir='ltr'><strong>pro</strong></span> <span class='ocrx_word' id='word_1_74' title='bbox 1186 1161 1315 1219; x_wconf 86' lang='lat'>131),</span> <span class='ocrx_word' id='word_1_75' title='bbox 1341 1162 1435 1207; x_wconf 82' lang='lat' dir='ltr'><strong>Jul.</strong></span> <span class='ocrx_word' id='word_1_76' title='bbox 1457 1163 1641 1207; x_wconf 71' lang='lat' dir='ltr'><strong>‘Firmic</strong></span> 
     </span>
     <span class='ocr_line' id='line_1_12' title="bbox 395 1241 1642 1301; baseline -0.002 -14"><span class='ocrx_word' id='word_1_77' title='bbox 395 1243 614 1297; x_wconf 79' lang='lat' dir='ltr'><strong>Materni,</strong></span> <span class='ocrx_word' id='word_1_78' title='bbox 661 1241 801 1286; x_wconf 89' lang='lat' dir='ltr'><strong>Math.</strong></span> <span class='ocrx_word' id='word_1_79' title='bbox 848 1241 949 1286; x_wconf 90' lang='lat' dir='ltr'><strong>libr.</strong></span> <span class='ocrx_word' id='word_1_80' title='bbox 991 1243 1094 1285; x_wconf 82' lang='lat'>410.</span> <span class='ocrx_word' id='word_1_81' title='bbox 1160 1242 1399 1301; x_wconf 89' lang='lat' dir='ltr'><strong>Apparent</strong></span> <span class='ocrx_word' id='word_1_82' title='bbox 1433 1249 1584 1287; x_wconf 86' lang='lat' dir='ltr'><strong>autem</strong></span> <span class='ocrx_word' id='word_1_83' title='bbox 1620 1260 1642 1286; x_wconf 83' lang='lat' dir='ltr'><strong>e</strong></span> 
     </span>
     <span class='ocr_line' id='line_1_13' title="bbox 394 1319 1642 1377; baseline -0.001 -11"><span class='ocrx_word' id='word_1_84' title='bbox 394 1321 506 1366; x_wconf 88' lang='lat' dir='ltr'><strong>locis</strong></span> <span class='ocrx_word' id='word_1_85' title='bbox 537 1320 691 1365; x_wconf 80' lang='lat' dir='ltr'><strong>&#39;allatis</strong></span> <span class='ocrx_word' id='word_1_86' title='bbox 720 1319 837 1364; x_wconf 85' lang='lat' dir='ltr'><strong>duo:</strong></span> <span class='ocrx_word' id='word_1_87' title='bbox 867 1320 1086 1375; x_wconf 87' lang='lat' dir='ltr'><strong>alterum,</strong></span> <span class='ocrx_word' id='word_1_88' title='bbox 1106 1319 1382 1365; x_wconf 89' lang='lat' dir='ltr'><strong>vocabulum</strong></span> <span class='ocrx_word' id='word_1_89' title='bbox 1410 1319 1642 1377; x_wconf 89' lang='lat' dir='ltr'><strong>„cardina-</strong></span> 
     </span>
     <span class='ocr_line' id='line_1_14' title="bbox 393 1398 1642 1457; baseline -0.001 -14"><span class='ocrx_word' id='word_1_90' title='bbox 393 1400 473 1443; x_wconf 85' lang='lat' dir='ltr'><strong>lis&#39;&#39;</strong></span> <span class='ocrx_word' id='word_1_91' title='bbox 517 1399 739 1443; x_wconf 86' lang='lat' dir='ltr'><strong>translate</strong></span> <span class='ocrx_word' id='word_1_92' title='bbox 787 1398 834 1441; x_wconf 91' lang='lat' dir='ltr'><strong>in</strong></span> <span class='ocrx_word' id='word_1_93' title='bbox 882 1398 1149 1441; x_wconf 86' lang='lat' dir='ltr'><strong>universum</strong></span> <span class='ocrx_word' id='word_1_94' title='bbox 1195 1398 1394 1442; x_wconf 88' lang='lat' dir='ltr'><strong>indicare</strong></span> <span class='ocrx_word' id='word_1_95' title='bbox 1438 1398 1485 1441; x_wconf 88' lang='lat' dir='ltr'><strong>id</strong></span> <span class='ocrx_word' id='word_1_96' title='bbox 1519 1399 1642 1457; x_wconf 89' lang='lat' dir='ltr'><strong>quod</strong></span> 
     </span>
     <span class='ocr_line' id='line_1_15' title="bbox 393 1475 1643 1536; baseline -0.001 -15"><span class='ocrx_word' id='word_1_97' title='bbox 393 1476 685 1536; x_wconf 86' lang='lat' dir='ltr'><strong>primarium,</strong></span> <span class='ocrx_word' id='word_1_98' title='bbox 731 1475 1026 1535; x_wconf 89' lang='lat' dir='ltr'><strong>praecipuum</strong></span> <span class='ocrx_word' id='word_1_99' title='bbox 1070 1482 1162 1530; x_wconf 90' lang='lat' dir='ltr'><strong>est,</strong></span> <span class='ocrx_word' id='word_1_100' title='bbox 1204 1475 1420 1535; x_wconf 85' lang='lat' dir='ltr'><strong>adjuncta</strong></span> <span class='ocrx_word' id='word_1_101' title='bbox 1452 1475 1536 1520; x_wconf 90' lang='lat' dir='ltr'><strong>hac</strong></span> <span class='ocrx_word' id='word_1_102' title='bbox 1569 1492 1643 1521; x_wconf 92' lang='lat' dir='ltr'><strong>no-</strong></span> 
     </span>
     <span class='ocr_line' id='line_1_16' title="bbox 393 1538 1642 1613; baseline -0.001 -15"><span class='ocrx_word' id='word_1_103' title='bbox 393 1555 529 1598; x_wconf 83' lang='lat' dir='ltr'><strong>tionis</strong></span> <span class='ocrx_word' id='word_1_104' title='bbox 563 1554 780 1608; x_wconf 84' lang='lat' dir='ltr'><strong>flexione,</strong></span> <span class='ocrx_word' id='word_1_105' title='bbox 815 1552 938 1612; x_wconf 92' lang='lat' dir='ltr'><strong>quod</strong></span> <span class='ocrx_word' id='word_1_106' title='bbox 973 1554 1038 1597; x_wconf 89' lang='lat' dir='ltr'><strong>ita</strong></span> <span class='ocrx_word' id='word_1_107' title='bbox 1065 1554 1364 1613; x_wconf 88' lang='lat' dir='ltr'><strong>praecipuum</strong></span> <span class='ocrx_word' id='word_1_108' title='bbox 1388 1561 1457 1598; x_wconf 83' lang='lat' dir='ltr'><strong>est</strong></span> <span class='ocrx_word' id='word_1_109' title='bbox 1478 1561 1531 1598; x_wconf 89' lang='lat' dir='ltr'><strong>ut</strong></span> <span class='ocrx_word' id='word_1_110' title='bbox 1552 1538 1642 1597; x_wconf 89' lang='lat' dir='ltr'><strong>alia</strong></span> 
     </span>
     <span class='ocr_line' id='line_1_17' title="bbox 393 1632 1641 1690; baseline 0.001 -15"><span class='ocrx_word' id='word_1_111' title='bbox 393 1648 464 1676; x_wconf 88' lang='lat' dir='ltr'><strong>res</strong></span> <span class='ocrx_word' id='word_1_112' title='bbox 498 1648 556 1676; x_wconf 85' lang='lat' dir='ltr'><strong>ex</strong></span> <span class='ocrx_word' id='word_1_113' title='bbox 589 1647 640 1676; x_wconf 90' lang='lat' dir='ltr'><strong>ea</strong></span> <span class='ocrx_word' id='word_1_114' title='bbox 672 1632 801 1690; x_wconf 87' lang='lat' dir='ltr'><strong>quasi</strong></span> <span class='ocrx_word' id='word_1_115' title='bbox 830 1647 1050 1690; x_wconf 90' lang='lat' dir='ltr'><strong>suspensa</strong></span> <span class='ocrx_word' id='word_1_116' title='bbox 1078 1632 1404 1687; x_wconf 83' lang='lat' dir='ltr'><strong>sit3alterum,</strong></span> <span class='ocrx_word' id='word_1_117' title='bbox 1432 1632 1641 1676; x_wconf 90' lang='lat' dir='ltr'><strong>vocabuli</strong></span> 
     </span>
     <span class='ocr_line' id='line_1_18' title="bbox 394 1710 1639 1755; baseline -0.002 0"><span class='ocrx_word' id='word_1_118' title='bbox 394 1726 526 1755; x_wconf 91' lang='lat' dir='ltr'><strong>usum</strong></span> <span class='ocrx_word' id='word_1_119' title='bbox 574 1711 619 1754; x_wconf 91' lang='lat' dir='ltr'><strong>in</strong></span> <span class='ocrx_word' id='word_1_120' title='bbox 663 1710 873 1754; x_wconf 88' lang='lat' dir='ltr'><strong>doctrina</strong></span> <span class='ocrx_word' id='word_1_121' title='bbox 916 1711 1078 1755; x_wconf 88' lang='lat' dir='ltr'><strong>morali</strong></span> <span class='ocrx_word' id='word_1_122' title='bbox 1125 1726 1220 1754; x_wconf 89' lang='lat' dir='ltr'><strong>esse</strong></span> <span class='ocrx_word' id='word_1_123' title='bbox 1254 1710 1433 1754; x_wconf 87' lang='lat' dir='ltr'><strong>serioris</strong></span> <span class='ocrx_word' id='word_1_124' title='bbox 1466 1710 1639 1754; x_wconf 86' lang='lat' dir='ltr'><strong>aetatis.</strong></span> 
     </span>
    </p>

    <p class='ocr_par' dir='ltr' id='par_1_4' title="bbox 390 1785 1640 2081">
     <span class='ocr_line' id='line_1_19' title="bbox 456 1785 1639 1832; baseline -0.002 -1"><span class='ocrx_word' id='word_1_125' title='bbox 456 1789 497 1831; x_wconf 94' lang='lat' dir='ltr'>A</span> <span class='ocrx_word' id='word_1_126' title='bbox 531 1787 746 1832; x_wconf 90' lang='lat' dir='ltr'><strong>Cicerone</strong></span> <span class='ocrx_word' id='word_1_127' title='bbox 781 1789 975 1831; x_wconf 86' lang='lat' dir='ltr'><strong>virtutes</strong></span> <span class='ocrx_word' id='word_1_128' title='bbox 1010 1788 1115 1831; x_wconf 92' lang='lat' dir='ltr'><strong>illae</strong></span> <span class='ocrx_word' id='word_1_129' title='bbox 1138 1787 1356 1830; x_wconf 87' lang='lat' dir='ltr'><strong>dicuntur</strong></span> <span class='ocrx_word' id='word_1_130' title='bbox 1378 1787 1424 1830; x_wconf 92' lang='lat' dir='ltr'><strong>in</strong></span> <span class='ocrx_word' id='word_1_131' title='bbox 1448 1785 1639 1831; x_wconf 83' lang='lat' dir='ltr'><strong>Officiis:</strong></span> 
     </span>
     <span class='ocr_line' id='line_1_20' title="bbox 394 1863 1638 1926; baseline -0.002 -16"><span class='ocrx_word' id='word_1_132' title='bbox 394 1873 622 1926; x_wconf 89' lang='lat' dir='ltr'><strong>„quatuor</strong></span> <span class='ocrx_word' id='word_1_133' title='bbox 654 1873 807 1925; x_wconf 86' lang='lat' dir='ltr'><strong>partes</strong></span> <span class='ocrx_word' id='word_1_134' title='bbox 841 1865 1043 1910; x_wconf 76' lang='lat' dir='ltr'><strong>honesti⁹³</strong></span> <span class='ocrx_word' id='word_1_135' title='bbox 1080 1866 1127 1921; x_wconf 90' lang='lat' dir='ltr'><strong>(l.</strong></span> <span class='ocrx_word' id='word_1_136' title='bbox 1152 1865 1173 1909; x_wconf 95' lang='lat' dir='ltr'>I</span> <span class='ocrx_word' id='word_1_137' title='bbox 1207 1882 1243 1910; x_wconf 88' lang='lat' dir='ltr'><strong>c.</strong></span> <span class='ocrx_word' id='word_1_138' title='bbox 1270 1868 1295 1909; x_wconf 87' lang='lat'>5</span> <span class='ocrx_word' id='word_1_139' title='bbox 1329 1863 1352 1923; x_wconf 64' lang='grc' dir='ltr'><strong>ξ</strong></span> <span class='ocrx_word' id='word_1_140' title='bbox 1380 1868 1458 1922; x_wconf 88' lang='grc'><strong>14,</strong></span> <span class='ocrx_word' id='word_1_141' title='bbox 1489 1881 1524 1909; x_wconf 93' lang='grc'><strong>0.</strong></span> <span class='ocrx_word' id='word_1_142' title='bbox 1554 1867 1638 1909; x_wconf 87' lang='lat'><strong>113</strong></span> 
     </span>
     <span class='ocr_line' id='line_1_21' title="bbox 390 1941 1640 2003; baseline -0.002 -15"><span class='ocrx_word' id='word_1_143' title='bbox 390 1942 412 2002; x_wconf 61' lang='grc' dir='ltr'><strong>ξ</strong></span> <span class='ocrx_word' id='word_1_144' title='bbox 450 1945 559 2000; x_wconf 84' lang='grc'>152,</span> <span class='ocrx_word' id='word_1_145' title='bbox 606 1942 671 1987; x_wconf 89' lang='lat' dir='ltr'><strong>III</strong></span> <span class='ocrx_word' id='word_1_146' title='bbox 710 1959 745 1988; x_wconf 91' lang='lat' dir='ltr'><strong>c.</strong></span> <span class='ocrx_word' id='word_1_147' title='bbox 782 1945 838 1988; x_wconf 86' lang='lat'><strong>33</strong></span> <span class='ocrx_word' id='word_1_148' title='bbox 873 1941 895 2001; x_wconf 65' lang='grc' dir='ltr'><strong>ξ</strong></span> <span class='ocrx_word' id='word_1_149' title='bbox 933 1941 1062 2000; x_wconf 91' lang='grc'>116),</span> <span class='ocrx_word' id='word_1_150' title='bbox 1110 1944 1250 2000; x_wconf 87' lang='lat' dir='ltr'><strong>„haec</strong></span> <span class='ocrx_word' id='word_1_151' title='bbox 1284 1943 1503 2003; x_wconf 88' lang='lat' dir='ltr'><strong>quatuor&#39;&#39;</strong></span> <span class='ocrx_word' id='word_1_152' title='bbox 1537 1943 1584 2001; x_wconf 81' lang='lat' dir='ltr'><strong>(l.</strong></span> <span class='ocrx_word' id='word_1_153' title='bbox 1620 1941 1640 1985; x_wconf 89' lang='grc' dir='ltr'>Ι</span> 
     </span>
     <span class='ocr_line' id='line_1_22' title="bbox 393 2019 1637 2081; baseline -0.002 -15"><span class='ocrx_word' id='word_1_154' title='bbox 393 2038 428 2066; x_wconf 89' lang='grc'><strong>0.</strong></span> <span class='ocrx_word' id='word_1_155' title='bbox 450 2023 474 2066; x_wconf 88' lang='lat'>5</span> <span class='ocrx_word' id='word_1_156' title='bbox 493 2020 516 2080; x_wconf 66' lang='grc' dir='ltr'><strong>ξ</strong></span> <span class='ocrx_word' id='word_1_157' title='bbox 537 2020 634 2078; x_wconf 88' lang='grc'>15),</span> <span class='ocrx_word' id='word_1_158' title='bbox 655 2029 883 2081; x_wconf 88' lang='lat' dir='ltr'><strong>„quatuor</strong></span> <span class='ocrx_word' id='word_1_159' title='bbox 901 2022 988 2066; x_wconf 94' lang='lat' dir='ltr'><strong>loci</strong></span> <span class='ocrx_word' id='word_1_160' title='bbox 1007 2022 1209 2066; x_wconf 84' lang='lat' dir='ltr'><strong>honesti”</strong></span> <span class='ocrx_word' id='word_1_161' title='bbox 1229 2022 1277 2079; x_wconf 86' lang='lat' dir='ltr'><strong>(l.</strong></span> <span class='ocrx_word' id='word_1_162' title='bbox 1298 2021 1318 2065; x_wconf 95' lang='grc' dir='ltr'>Ι</span> <span class='ocrx_word' id='word_1_163' title='bbox 1337 2037 1372 2065; x_wconf 90' lang='lat' dir='ltr'><strong>c.</strong></span> <span class='ocrx_word' id='word_1_164' title='bbox 1395 2024 1419 2065; x_wconf 85' lang='lat'>6</span> <span class='ocrx_word' id='word_1_165' title='bbox 1439 2019 1462 2078; x_wconf 66' lang='grc' dir='ltr'>ξ</span> <span class='ocrx_word' id='word_1_166' title='bbox 1485 2019 1559 2078; x_wconf 90' lang='grc'>18)</span> <span class='ocrx_word' id='word_1_167' title='bbox 1579 2019 1637 2077; x_wconf 94' lang='grc'>2).</span> 
     </span>
    </p>
   </div>
   <div class='ocr_carea' id='block_1_3' title="bbox 482 2128 593 2132">
    <p class='ocr_par' dir='ltr' id='par_1_5' title="bbox 482 2128 593 2132">
     <span class='ocr_line' id='line_1_23' title="bbox 482 2128 593 2132; baseline 0 0"><span class='ocrx_word' id='word_1_168' title='bbox 482 2128 593 2132; x_wconf 95' lang='lat' dir='ltr'><strong> </strong></span> 
     </span>
    </p>
   </div>
   <div class='ocr_carea' id='block_1_4' title="bbox 388 2186 1640 2632">
    <p class='ocr_par' dir='ltr' id='par_1_6' title="bbox 390 2186 1640 2365">
     <span class='ocr_line' id='line_1_24' title="bbox 441 2186 1640 2234; baseline 0.002 -13"><span class='ocrx_word' id='word_1_169' title='bbox 441 2188 476 2230; x_wconf 89' lang='grc'><strong>1)</strong></span> <span class='ocrx_word' id='word_1_170' title='bbox 515 2187 567 2221; x_wconf 90' lang='lat' dir='ltr'><strong>De</strong></span> <span class='ocrx_word' id='word_1_171' title='bbox 605 2187 673 2222; x_wconf 77' lang='lat' dir='ltr'><strong>vita</strong></span> <span class='ocrx_word' id='word_1_172' title='bbox 708 2186 832 2221; x_wconf 85' lang='lat' dir='ltr'><strong>Heliae</strong></span> <span class='ocrx_word' id='word_1_173' title='bbox 866 2187 992 2222; x_wconf 84' lang='lat' dir='ltr'><strong>Putsch</strong></span> <span class='ocrx_word' id='word_1_174' title='bbox 1030 2187 1207 2223; x_wconf 86' lang='lat' dir='ltr'><strong>consulere</strong></span> <span class='ocrx_word' id='word_1_175' title='bbox 1241 2199 1369 2234; x_wconf 79' lang='lat' dir='ltr'><strong>operae</strong></span> <span class='ocrx_word' id='word_1_176' title='bbox 1404 2188 1552 2234; x_wconf 82' lang='lat' dir='ltr'><strong>pretium</strong></span> <span class='ocrx_word' id='word_1_177' title='bbox 1588 2192 1640 2223; x_wconf 79' lang='lat' dir='ltr'><strong>est</strong></span> 
     </span>
     <span class='ocr_line' id='line_1_25' title="bbox 390 2251 1638 2299; baseline 0.003 -12"><span class='ocrx_word' id='word_1_178' title='bbox 390 2251 586 2287; x_wconf 75' lang='lat' dir='ltr'><strong>Adamum:</strong></span> <span class='ocrx_word' id='word_1_179' title='bbox 623 2251 690 2288; x_wconf 81' lang='lat' dir='ltr'><strong>Vit.</strong></span> <span class='ocrx_word' id='word_1_180' title='bbox 726 2251 852 2288; x_wconf 83' lang='lat' dir='ltr'><strong>Philol.</strong></span> <span class='ocrx_word' id='word_1_181' title='bbox 890 2265 922 2299; x_wconf 88' lang='lat' dir='ltr'><strong>p.</strong></span> <span class='ocrx_word' id='word_1_182' title='bbox 956 2254 1044 2295; x_wconf 75' lang='lat'><strong>111,</strong></span> <span class='ocrx_word' id='word_1_183' title='bbox 1073 2254 1111 2291; x_wconf 84' lang='lat' dir='ltr'><strong>C.</strong></span> <span class='ocrx_word' id='word_1_184' title='bbox 1138 2254 1180 2289; x_wconf 86' lang='lat' dir='ltr'><strong>G.</strong></span> <span class='ocrx_word' id='word_1_185' title='bbox 1207 2254 1352 2290; x_wconf 82' lang='lat' dir='ltr'><strong>J&#39;ocher:</strong></span> <span class='ocrx_word' id='word_1_186' title='bbox 1379 2253 1454 2290; x_wconf 87' lang='lat' dir='ltr'><strong>Gel.</strong></span> <span class='ocrx_word' id='word_1_187' title='bbox 1482 2254 1638 2291; x_wconf 83' lang='lat' dir='ltr'><strong>Lexikon</strong></span> 
     </span>
     <span class='ocr_line' id='line_1_26' title="bbox 390 2317 739 2365; baseline 0.003 -13"><span class='ocrx_word' id='word_1_188' title='bbox 390 2321 412 2352; x_wconf 85' lang='lat' dir='ltr'><strong>t.</strong></span> <span class='ocrx_word' id='word_1_189' title='bbox 441 2317 475 2352; x_wconf 90' lang='lat'><strong>11</strong></span> <span class='ocrx_word' id='word_1_190' title='bbox 503 2317 628 2365; x_wconf 81' lang='lat'>(1726)</span> <span class='ocrx_word' id='word_1_191' title='bbox 654 2329 682 2354; x_wconf 73' lang='grc' dir='ltr'><strong>ε.</strong></span> <span class='ocrx_word' id='word_1_192' title='bbox 710 2329 739 2353; x_wconf 86' lang='grc' dir='ltr'><strong>ν.</strong></span> 
     </span>
    </p>

    <p class='ocr_par' dir='ltr' id='par_1_7' title="bbox 388 2383 1639 2632">
     <span class='ocr_line' id='line_1_27' title="bbox 442 2383 1639 2434; baseline 0.002 -16"><span class='ocrx_word' id='word_1_193' title='bbox 442 2385 478 2428; x_wconf 83' lang='grc'>2)</span> <span class='ocrx_word' id='word_1_194' title='bbox 516 2383 687 2430; x_wconf 84' lang='lat' dir='ltr'><strong>Diogenes</strong></span> <span class='ocrx_word' id='word_1_195' title='bbox 726 2383 882 2420; x_wconf 85' lang='lat' dir='ltr'><strong>Laertius</strong></span> <span class='ocrx_word' id='word_1_196' title='bbox 920 2384 1073 2431; x_wconf 80' lang='lat' dir='ltr'><strong>appellat</strong></span> <span class='ocrx_word' id='word_1_197' title='bbox 1106 2390 1257 2434; x_wconf 81' lang='grc' dir='ltr'><strong><em>τέτταρας</em></strong></span> <span class='ocrx_word' id='word_1_198' title='bbox 1290 2390 1404 2434; x_wconf 78' lang='grc' dir='ltr'>ἀρετάς</span> <span class='ocrx_word' id='word_1_199' title='bbox 1438 2385 1513 2430; x_wconf 90' lang='lat' dir='ltr'><strong>(lib.</strong></span> <span class='ocrx_word' id='word_1_200' title='bbox 1550 2386 1639 2428; x_wconf 82' lang='lat' dir='ltr'><strong>Vn,</strong></span> 
     </span>
     <span class='ocr_line' id='line_1_28' title="bbox 389 2449 1633 2499; baseline 0.004 -16"><span class='ocrx_word' id='word_1_201' title='bbox 389 2450 403 2495; x_wconf 87' lang='lat'>§</span> <span class='ocrx_word' id='word_1_202' title='bbox 430 2450 510 2495; x_wconf 80' lang='lat'>92),</span> <span class='ocrx_word' id='word_1_203' title='bbox 542 2455 666 2498; x_wconf 75' lang='grc' dir='ltr'><strong><em>πρώτας</em></strong></span> <span class='ocrx_word' id='word_1_204' title='bbox 690 2454 805 2498; x_wconf 78' lang='grc' dir='ltr'><strong><em>ἀρετάς</em></strong></span> <span class='ocrx_word' id='word_1_205' title='bbox 831 2449 963 2496; x_wconf 78' lang='lat' dir='ltr'><strong>(ibid),</strong></span> <span class='ocrx_word' id='word_1_206' title='bbox 989 2452 1056 2490; x_wconf 71' lang='grc' dir='ltr'><strong>εἴδη</strong></span> <span class='ocrx_word' id='word_1_207' title='bbox 1084 2458 1139 2487; x_wconf 81' lang='grc' dir='ltr'><strong>τοῦ</strong></span> <span class='ocrx_word' id='word_1_208' title='bbox 1166 2454 1264 2487; x_wconf 73' lang='grc' dir='ltr'>καλοῦ</span> <span class='ocrx_word' id='word_1_209' title='bbox 1289 2456 1426 2499; x_wconf 76' lang='grc' dir='ltr'><strong>τέτταρα</strong></span> <span class='ocrx_word' id='word_1_210' title='bbox 1451 2451 1522 2497; x_wconf 79' lang='lat' dir='ltr'><strong>(lib.</strong></span> <span class='ocrx_word' id='word_1_211' title='bbox 1552 2452 1633 2494; x_wconf 87' lang='lat' dir='ltr'>VII,</span> 
     </span>
     <span class='ocr_line' id='line_1_29' title="bbox 389 2515 1639 2567; baseline 0.002 -19"><span class='ocrx_word' id='word_1_212' title='bbox 389 2516 403 2559; x_wconf 87' lang='lat'>§</span> <span class='ocrx_word' id='word_1_213' title='bbox 437 2516 538 2559; x_wconf 72' lang='lat'>100),</span> <span class='ocrx_word' id='word_1_214' title='bbox 567 2518 719 2551; x_wconf 77' lang='grc' dir='ltr'>κεθάλαια</span> <span class='ocrx_word' id='word_1_215' title='bbox 743 2523 804 2551; x_wconf 82' lang='grc' dir='ltr'><strong>τῶν</strong></span> <span class='ocrx_word' id='word_1_216' title='bbox 831 2519 948 2564; x_wconf 75' lang='grc' dir='ltr'><em>ἀρετῶν</em></span> <span class='ocrx_word' id='word_1_217' title='bbox 975 2515 1051 2560; x_wconf 64' lang='lat' dir='ltr'><strong>(lib,</strong></span> <span class='ocrx_word' id='word_1_218' title='bbox 1081 2515 1199 2561; x_wconf 82' lang='lat' dir='ltr'>VII‚§</span> <span class='ocrx_word' id='word_1_219' title='bbox 1224 2518 1322 2561; x_wconf 86' lang='grc'>126),</span> <span class='ocrx_word' id='word_1_220' title='bbox 1341 2520 1408 2555; x_wconf 76' lang='grc' dir='ltr'><strong>εἴδη</strong></span> <span class='ocrx_word' id='word_1_221' title='bbox 1429 2522 1565 2567; x_wconf 72' lang='grc' dir='ltr'><em>τέτταρα</em></span> <span class='ocrx_word' id='word_1_222' title='bbox 1583 2525 1639 2559; x_wconf 64' lang='grc' dir='ltr'><strong>τῆς</strong></span> 
     </span>
     <span class='ocr_line' id='line_1_30' title="bbox 388 2579 1635 2632; baseline 0.004 -16"><span class='ocrx_word' id='word_1_223' title='bbox 388 2584 507 2621; x_wconf 75' lang='grc' dir='ltr'>τελείας</span> <span class='ocrx_word' id='word_1_224' title='bbox 533 2585 646 2628; x_wconf 73' lang='grc' dir='ltr'>ἀρετῆς</span> <span class='ocrx_word' id='word_1_225' title='bbox 672 2579 746 2625; x_wconf 75' lang='lat' dir='ltr'><strong>(lib.</strong></span> <span class='ocrx_word' id='word_1_226' title='bbox 771 2580 842 2622; x_wconf 80' lang='lat' dir='ltr'><strong>lll,</strong></span> <span class='ocrx_word' id='word_1_227' title='bbox 868 2582 972 2627; x_wconf 83' lang='lat'>§90).</span> <span class='ocrx_word' id='word_1_228' title='bbox 1005 2581 1095 2616; x_wconf 76' lang='lat' dir='ltr'><strong>Allbl</strong></span> <span class='ocrx_word' id='word_1_229' title='bbox 1118 2586 1284 2617; x_wconf 79' lang='lat' dir='ltr'><strong>vocantur</strong></span> <span class='ocrx_word' id='word_1_230' title='bbox 1301 2587 1487 2631; x_wconf 52' lang='grc' dir='ltr'>ἡγεμονικὴ</span> <span class='ocrx_word' id='word_1_231' title='bbox 1512 2588 1635 2632; x_wconf 76' lang='grc' dir='ltr'>ἀρεταί.</span> 
     </span>
    </p>
   </div>
  </div>
 </body>
</html>
