1938 3248
1006 347 1063 389 26

407 466 461 511 In
495 466 701 511 Phaedro
735 472 891 510 autem
925 482 1016 511 non
1044 468 1316 526 proponitur
1343 469 1524 512 animus
1548 475 1654 513 ante

407 545 504 604 ojus
548 535 915 604 conjunctioncm
949 560 1054 590 cum
1088 560 1276 605 corpore
1309 545 1511 591 humano
1545 553 1654 591 tam·

407 639 546 683 quam
577 639 720 669 unum
744 623 918 683 aliquid
950 623 1073 683 quod
1100 623 1288 670 dissolvi
1322 631 1539 685 nequeat,
1574 624 1653 669 scd

405 709 626 761 tanquam
644 704 906 748 simillimus
924 704 1041 764 bigis
1058 704 1190 748 alatis
1208 719 1314 749 cum
1331 705 1491 764 auriga
1507 720 1590 749 suo
1609 703 1653 762 1)
1686 724 1689 727 ·

408 780 446 824 Ε
474 780 659 826 Timaco
672 817 682 838 ,
707 783 787 841 qui
808 781 1020 843 dialogus
1043 798 1069 826 a
1092 781 1284 827 Platone
1306 797 1411 827 sene
1432 783 1654 842 conscrip-

408 867 481 904 tus
515 867 605 915 cst,
642 867 689 905 ct
723 862 974 906 arctissime
1015 861 1222 906 cohaeret
1255 877 1359 905 cum
1386 861 1551 905 Politia
1585 859 1654 918 2),

407 936 625 983 discimus
670 940 954 984 irrationales
994 940 1134 984 animi
1175 946 1325 998 partes
1367 944 1426 997 (τὸ
1455 945 1653 995 θυμοειδές

408 1022 453 1060 ct
498 1025 541 1062 τὸ
585 1024 882 1077 ἐπιθυμητικόν)
930 1035 1023 1063 una
1067 1034 1171 1063 cum
1215 1033 1401 1078 corpore
1445 1018 1653 1074 interire,

409 1093 552 1138 solam
586 1096 853 1140 rationalem
882 1097 1187 1141 immortalem
1206 1111 1302 1140 esse
1320 1095 1575 1140 habendam
1594 1096 1653 1152 3),

461 1284 493 1330 l)
512 1283 652 1330 Duplici
670 1284 888 1331 potissimum
908 1284 1012 1321 modo
1034 1285 1128 1320 illam
1148 1285 1365 1331 allegoriam,
1381 1296 1469 1333 quae
1483 1283 1656 1320 invenitur

408 1348 553 1385 Phaedr.
580 1362 612 1397 p.
643 1352 735 1392 246,
762 1351 1039 1398 interpretantur.
1078 1350 1240 1385 Hermias
1266 1350 1310 1386 ad
1338 1350 1483 1385 Phaedr.
1501 1349 1555 1385 ed.
1576 1352 1654 1391 Ast,

408 1427 442 1461 p.
466 1419 547 1458 126,
562 1417 711 1463 explicat
724 1417 819 1452 illam
834 1429 853 1452 e
866 1417 1007 1453 Timaeo
1022 1416 1098 1452 loco
1112 1428 1216 1463 supra
1229 1416 1344 1459 allato,
1358 1428 1505 1463 eumque
1519 1419 1656 1451 secutus

408 1485 460 1516 est
486 1481 524 1517 C.
551 1482 587 1517 F.
617 1483 807 1518 Hermann.
846 1486 890 1517 At
916 1481 1071 1529 plerique
1096 1486 1211 1516 autem
1239 1481 1441 1528 interpretes
1467 1484 1656 1528 sequuntur

409 1547 655 1583 Plutarchum:
692 1549 835 1595 Quaest.
870 1548 1003 1583 Platon.
1040 1548 1105 1594 Qu.
1143 1547 1209 1584 IX.
1245 1559 1319 1593 cap.
1355 1548 1388 1582 I:
1426 1550 1487 1583 Καὶ
1523 1550 1656 1583 Πλάτων

408 1617 521 1655 αὐτὸς,
558 1618 689 1655 εἰκάσας
721 1618 869 1662 συμφύτῳ
905 1618 1007 1660 ζεύγει
1041 1617 1094 1649 καὶ
1130 1616 1251 1660 ἡνιόχῳ
1285 1615 1321 1648 τὸ
1355 1619 1412 1652 τῆς
1446 1615 1551 1659 ψυχῆς
1576 1611 1658 1651 εἶδος

407 1681 538 1726 ἡνίοχον
565 1681 621 1726 μὲν
644 1682 685 1721 ὡς
701 1683 796 1716 πάντι
824 1681 943 1722 δῆλον,
973 1682 1109 1728 ἀπέφῃνε
1134 1679 1170 1714 τὸ
1198 1679 1376 1725 λογιστικόν
1402 1683 1464 1713 τῶν
1491 1677 1528 1713 δὲ
1554 1679 1655 1713 ἵππων

408 1743 443 1776 τὸ
461 1745 516 1789 μὲν
535 1746 605 1790 περὶ
623 1746 680 1783 τὰς
691 1748 856 1791 ἐπιθυμίας
869 1772 878 1786 ,
897 1745 1019 1784 ἀπειθὲς
1033 1746 1087 1778 καὶ
1102 1745 1269 1790 ἐπαγωγὸν
1285 1747 1470 1778 παντάπασι
1484 1761 1532 1768 -
1546 1760 1595 1767 -
1608 1760 1657 1767 -

408 1808 443 1843 τὸ
477 1809 513 1844 δὲ
547 1811 725 1856 θυμοειδὲς,
760 1812 886 1849 εὐήνιον
921 1811 962 1846 τὰ
997 1811 1101 1845 πολλὰ
1135 1816 1178 1855 τῷ
1218 1810 1359 1856 λογισμῷ
1398 1809 1452 1842 καὶ
1486 1809 1656 1855 σύμμαχον

408 1870 503 1915 (Vid.
530 1871 623 1907 Edit.
652 1876 788 1908 stereot.
815 1873 938 1907 Moral.
967 1875 1048 1907 tom.
1071 1872 1110 1912 V,
1135 1883 1166 1917 p.
1191 1872 1284 1916 543).
1318 1871 1348 1905 J.
1369 1871 1410 1905 G.
1429 1870 1656 1910 Hullemann,

410 1935 470 1969 Vir
505 1935 595 1972 Clar.
620 1937 654 1972 in
685 1937 780 1985 Disq.
814 1938 856 1973 de
886 1937 1020 1984 legibus
1056 1937 1117 1972 lib.
1155 1937 1217 1972 ciV.
1255 1934 1466 1976 vindicibus,
1495 1934 1583 1980 Trai
1612 1934 1655 1969 ad

408 2000 518 2035 Rhen.
562 2003 673 2044 1837,
715 2015 747 2049 p.
789 2004 853 2043 75,
898 2004 985 2038 hanc
1012 2003 1150 2037 exhibet
1179 2001 1514 2047 interpretationem:
1546 2000 1656 2034 malus

409 2076 517 2112 equus
548 2071 599 2102 est
627 2067 730 2116 ’Ἔρως
755 2071 944 2117 πάνδημος.
969 2068 1054 2103 alter
1075 2066 1178 2116 ’Ἔρως
1205 2070 1358 2114 οὐράνιος.
1413 2065 1571 2100 Ceterum
1598 2063 1657 2099 cfr

407 2131 606 2173 Heusdius,
633 2133 713 2168 Init.
741 2133 824 2179 phil.
852 2134 937 2167 Plat.
964 2134 1019 2167 ΙΙΙ
1045 2145 1078 2178 p.
1106 2144 1150 2166 m.
1180 2133 1245 2172 26,
1280 2131 1367 2170 1¹78,
1400 2131 1478 2166 179.

460 2199 496 2242 2)
531 2198 589 2234 Cfr
619 2199 706 2234 Tim.
750 2211 782 2245 p.
813 2198 854 2235 17
885 2198 930 2239 C,
961 2198 1004 2234 27
1034 2197 1072 2233 C.
1127 2197 1324 2238 Hermann,
1352 2195 1476 2231 Gesch.
1504 2206 1537 2229 u.
1566 2196 1654 2241 Syst.

409 2268 431 2298 t.
460 2264 476 2297 Ι
501 2275 536 2310 p.
568 2266 659 2306 5365
686 2264 729 2299 de
759 2264 913 2310 partibus
939 2263 1042 2298 anim.
1072 2262 1211 2297 immort
1249 2273 1282 2307 p.
1311 2261 1353 2303 7;
1378 2260 1653 2302 Tsehorzewski,

410 2329 451 2363 de
495 2329 633 2373 Politia,
671 2329 831 2372 Timaeo,
873 2329 984 2365 Critia
1020 2328 1142 2364 ultimo
1173 2326 1328 2363 Platonis
1355 2326 1526 2365 ternione.
1555 2325 1655 2361 Casa·

410 2406 473 2429 nac
504 2396 609 2430 1847.

461 2461 498 2505 3)
525 2460 644 2506 Ipsum
674 2461 849 2495 Platonem
875 2459 1077 2494 rationalem
1097 2462 1130 2493 et
1148 2458 1380 2492 irrationalem
1400 2456 1504 2492 animi
1523 2459 1654 2502 partem

411 2525 627 2560 mortalitatis
666 2526 804 2560 nomine
844 2524 1044 2560 distinxisse
1085 2524 1227 2558 affirmat
1261 2522 1348 2557 Plut.
1387 2522 1448 2567 (P),
1486 2522 1529 2557 de
1566 2522 1652 2568 plac.

409 2591 524 2639 philos
561 2591 611 2625 IV
637 2604 643 2627 :
674 2591 705 2626 7.
757 2590 864 2626 Erant
891 2590 979 2624 inter
1004 2588 1203 2625 Platonicos
1229 2588 1289 2636 qui
1315 2588 1547 2624 irrationalem
1567 2600 1652 2636 quo-
