1938 3248
875 371 932 416 9?

276 500 318 542 εὖ
360 506 434 553 γὰρ
481 503 555 545 ἴσθι
573 532 583 549 ,
631 525 676 531 -
708 523 762 530 —
802 495 833 538 ὦ
861 504 997 551 ἄριστε
1027 503 1207 552 Κρίτων,
1239 505 1282 541 τὸ
1310 508 1361 554 μὴ
1393 504 1524 550 καλῶς

275 580 406 630 λέγειν
440 581 484 619 οὐ
513 583 636 630 μόνον
674 581 727 625 εἷς
763 578 860 618 αὐτὸ
891 582 1006 618 τοῦτο
1038 578 1259 631 πλημμελές
1278 612 1287 628 ,
1319 580 1422 621 ἀλλὰ
1456 586 1522 622 καὶ

276 662 399 709 κακὸν
427 674 465 697 τι
511 660 666 708 ἐμποιεῖ
704 662 793 702 ταῖς
837 662 1002 709 ψυχαῖς.

339 731 522 775 Praeter
565 728 797 775 Ciceronis
826 729 957 774 Tusc.
994 730 1117 790 Disp.
1152 731 1173 774 I
1211 729 1233 790 ξ
1266 734 1376 778 103;
1409 733 1523 778 Mul-

276 822 371 859 tam
419 825 530 856 vero
569 822 754 867 operam
788 808 923 852 amici
955 809 1126 854 frustra
1153 812 1381 855 consumsi
1403 827 1497 872 sqq.
1513 844 1523 863 ,

277 887 546 936 conferenda
604 892 712 930 sunt
759 901 875 945 quae
918 886 1137 947 leguntur
1179 889 1226 932 in
1276 904 1411 948 opere
1467 890 1523 935 de

275 965 473 1028 Legibus
505 962 593 1009 XII
624 980 667 1023 p.
704 965 790 1008 959
821 962 887 1009 C:
928 973 969 1009 ἐκ
1001 972 1043 1010 δὲ
1075 976 1224 1013 τούτων
1255 975 1377 1020 οὕτως
1409 976 1523 1026 ἐχόν-

276 1068 353 1093 των
387 1050 577 1091 οὐδέποτε
607 1051 847 1099 οἶκοφθορεῖν
883 1053 952 1101 χρὴ
975 1050 1241 1101 διαφερόντως
1259 1083 1270 1100 ,
1299 1052 1522 1101 νομίζοντα

278 1134 346 1171 τὸν
382 1131 502 1169 αὑτοῦ
541 1133 682 1166 τοῦτον
720 1124 824 1166 εἶναι
861 1129 929 1166 τὸν
974 1129 1053 1166 τῶν
1094 1130 1250 1179 σαρκῶν
1300 1132 1421 1178 ὄγκον
1452 1135 1522 1169 θα-

278 1212 487 1260 πτόμενον,
516 1204 606 1246 ἀλλ’
636 1198 788 1246 ἐκεῖνον
816 1208 884 1246 τὸν
908 1208 995 1246 υἱὸν
1026 1205 1236 1258 ηὀἒδελφὸν
1259 1214 1285 1258 ἠ
1302 1210 1445 1249 ὅντινά
1460 1225 1521 1255 τις

276 1286 427 1336 μάλισθ’
474 1289 628 1336 ἡγεῖται
673 1286 801 1323 ποθῶν
849 1288 1032 1331 θάπτειν,
1074 1284 1240 1336 οἴχεσθαι
1277 1287 1521 1336 περαίνοντα

279 1368 346 1403 καὶ
386 1362 641 1414 ἐμπιπλάντα
671 1366 741 1411 τὴν
773 1364 893 1400 αὑτοῦ
921 1367 1064 1412 μοῖραν
1095 1365 1174 1400 κτὲ.

340 1434 566 1482 Phaedon.
594 1450 637 1493 p.
676 1434 761 1479 116
795 1433 848 1478 D.
888 1440 958 1486 ‘524-
991 1441 1166 1487 οἷο-τεῖος,
1197 1442 1293 1491 ἔφη,
1321 1443 1522 1492 ἅνθρωπος

279 1523 346 1559 καὶ
396 1521 504 1570 παρὰ
565 1521 699 1555 πάντα
747 1532 822 1573 ’μοι
878 1520 946 1556 τὸν
998 1522 1138 1571 χρόνον
1179 1523 1348 1572 προςῄει.

340 1589 659 1646 Inserendum,
720 1590 904 1648 opinor,
951 1605 1056 1634 cum
1108 1590 1321 1635 Jacobsio
1362 1591 1525 1650 (Addi-

278 1678 384 1716 tam.
444 1686 485 1731 p.
540 1665 646 1727 116)
694 1675 799 1713 ante
847 1680 1004 1727 προςῄει
1059 1670 1333 1716 vocabulum
1385 1681 1522 1729 πρᾶος.

280 1750 422 1808 Saepe
455 1747 626 1791 scribae
658 1747 858 1805 integras
891 1762 1024 1791 voces
1059 1748 1311 1792 omiserunt
1345 1748 1402 1792 ob
1425 1750 1524 1793 vici-

279 1828 404 1871 niam
436 1825 668 1870 similium.
736 1823 935 1869 Confusa
968 1833 1076 1869 sunt
1107 1826 1186 1869 illa
1219 1826 1441 1870 vocabula
1477 1827 1525 1871 in

280 1903 434 1949 Babrii
482 1901 568 1947 fab.
615 1900 718 1958 CII,
768 1902 848 1948 ubi
891 1903 997 1948 vide
1042 1911 1194 1949 annot.
1225 1903 1522 1949 Boissonadii.

279 1984 413 2029 Ratio
457 1982 825 2027 commutationis
865 1982 995 2026 reddi
1037 1990 1187 2042 potest
1219 1984 1367 2028 verbis
1402 1983 1523 2028 Frid.

242 2087 245 2089 ·
280 2061 374 2108 Jac.
393 2061 502 2107 Bast
517 2059 824 2116 (commentat.
843 2061 1067 2121 palaeogr.
1088 2064 1222 2121 p.740
1241 2060 1347 2120 sq.):
1368 2079 1525 2118 „voca-

280 2141 336 2186 lis
390 2139 541 2200 Alpha
594 2138 825 2184 interdum
880 2139 1162 2200 significatur
1220 2140 1315 2184 sola
1358 2140 1525 2185 lineola

273 2219 585 2280 superscripta
617 2218 778 2263 literae
811 2218 1110 2263 antecedenti.
1145 2244 1205 2249 —
1239 2217 1325 2263 Sed
1358 2219 1534 2273 lineola*

281 2298 363 2342 tali
410 2296 546 2341 modo
596 2298 900 2355 superscripta
950 2312 1054 2340 cum
1103 2297 1234 2340 facile
1278 2298 1419 2355 possit
1453 2313 1524 2341 ne*

282 2375 417 2437 gligi,
462 2389 553 2418 non
595 2374 763 2418 mirum
803 2374 1011 2419 librarios
1057 2373 1208 2433 Alpha
1241 2374 1419 2434 saepius
1452 2389 1527 2419 ne-

282 2452 514 2514 glexisse.'’
