1938 3248
885 378 944 425 33

297 500 459 557 titiam,
493 515 607 559 quae
639 499 832 545 obscura
853 500 900 544 in
924 514 1088 544 eorum
1110 500 1275 544 animis
1298 499 1435 544 insita
1456 506 1538 555 est,

298 578 534 622 clariorem
561 576 838 622 reddendam
856 576 1113 640 adducendi
1132 577 1386 621 videantur.
1422 576 1540 622 Sunt

297 656 401 700 illae
428 654 734 711 arithmetica,
757 654 1027 714 geometria,
1050 655 1381 710 stereometria,
1400 662 1538 699 astro-

297 733 471 789 nomia,
503 733 694 790 musica,
727 739 774 778 et
803 748 945 794 quae,
978 739 1198 792 tanquam
1215 733 1444 793 primaria,
1464 748 1539 777 ex-

297 819 441 857 tremo
463 813 562 856 loco
584 812 867 868 nominatur,
890 810 1128 857 dialectica
1154 812 1210 871 1).
1246 811 1420 857 Deinde
1441 812 1540 857 veri

298 890 557 949 philosophi
589 890 768 934 nonnisi
800 890 871 934 illi
902 904 998 935 esse
1020 897 1223 948 possunt,
1245 891 1326 949 qui
1347 889 1541 935 student

301 982 416 1027 puro
451 973 497 1011 et
528 966 584 1011 ab
618 966 828 1013 omnibus
856 967 999 1014 libero
1026 966 1355 1026 cupiditatibus
1388 968 1540 1013 animo

301 1044 536 1089 coelestem
573 1043 802 1102 quandam
839 1044 887 1087 in
929 1051 1053 1089 terra
1090 1046 1232 1089 vitam
1269 1060 1428 1104 agere,
1469 1046 1540 1088 illi

301 1137 496 1181 quorum
523 1127 619 1166 tota
640 1121 735 1166 vita
751 1122 1073 1167 commentatio
1091 1123 1250 1167 mortis
1268 1122 1358 1168 dici
1373 1129 1540 1182 potest,

302 1216 444 1259 quum
480 1199 691 1244 deserant
716 1199 889 1245 fluxam
923 1200 1089 1246 hancce
1122 1207 1167 1245 et
1199 1201 1437 1246 mortalem
1469 1216 1541 1245 na-

303 1285 454 1323 turam
500 1285 544 1322 et
592 1292 707 1335 quae
756 1292 861 1321 cum
910 1285 1096 1337 corpore
1144 1279 1385 1337 conjuncta
1418 1285 1538 1322 sunt.
1575 1320 1577 1322 .

304 1355 438 1401 Polit.
471 1355 538 1400 VI
570 1371 612 1414 p.
650 1356 738 1400 500
772 1352 806 1400 G
836 1354 900 1412 D,
938 1356 1024 1401 508
1059 1355 1120 1411 Ε,
1157 1357 1241 1400 509
1273 1356 1327 1400 Α.

368 1433 501 1478 Polit.
540 1432 607 1477 IV
648 1448 691 1491 p.
722 1434 825 1483 *442
870 1430 906 1476 C
949 1448 1053 1491 pars
1093 1448 1145 1477 ea
1183 1448 1299 1491 quae
1332 1434 1378 1477 in
1412 1433 1543 1478 nobis

306 1512 501 1571 imperat
545 1510 713 1555 dicitur
750 1518 912 1568 σμικρὸν
950 1517 1079 1567 μέρος.
1147 1508 1240 1556 Cur
1281 1519 1423 1567 σμικρὰ
1465 1511 1546 1555 illa

304 1604 409 1649 pars
440 1605 468 1633 a
498 1589 689 1634 Platone
722 1588 845 1634 dicta
870 1589 931 1634 sit
962 1589 1124 1633 nescio.
1193 1588 1404 1633 Fortasse
1438 1588 1545 1633 inde

306 1669 429 1728 quod
467 1677 516 1713 τὰ
555 1677 697 1726 σμικρὰ
736 1677 831 1725 πρὸς
870 1676 918 1712 τά
955 1672 1111 1724 μέγαλα
1149 1678 1291 1725 σμικρά
1329 1676 1424 1714 ἐστι.
1492 1667 1546 1711 Id

304 1747 429 1805 quod
483 1747 679 1806 simplex
737 1753 806 1792 est
863 1753 999 1805 atque
1054 1753 1264 1791 constans
1314 1754 1373 1801 (τὸ
1409 1751 1545 1801 λογισ-

308 1833 437 1879 τικόν)
479 1823 663 1870 videtur
690 1839 896 1884 parvum,
925 1824 962 1868 si
996 1830 1289 1884 comparatur
1322 1838 1426 1867 cum
1458 1822 1548 1867 alia

306 1917 354 1946 re
383 1911 454 1958 (τῷ
485 1910 765 1959 ἐπιθυμητικῷ)
794 1918 820 1946 a
852 1918 942 1961 qua
968 1903 1115 1946 omnis
1138 1901 1267 1946 abest
1289 1901 1546 1946 constantia

307 1981 542 2039 omnisque
574 1980 764 2026 actionis
797 1987 1040 2026 concentus
1074 1979 1224 2038 (Polit.
1256 1979 1367 2025 VIII
1393 1995 1435 2039 p.
1458 1981 1544 2023 561

307 2059 474 2115 A—-E,
508 2057 573 2103 IX
606 2074 648 2117 p.
685 2060 771 2103 586
799 2059 842 2103 A
858 2058 907 2103 B.
938 2056 1050 2103 Goll.
1071 2056 1206 2117 Gorg.
1225 2060 1315 2102 481
1335 2057 1389 2114 D,
1409 2056 1446 2100 E
1465 2072 1545 2114 sq.,
1613 2075 1616 2078 ·

309 2137 398 2180 493
427 2133 505 2193 Β),
537 2141 673 2193 atque
705 2134 808 2179 ideo
842 2135 1025 2180 videtur
1056 2135 1257 2179 maxima
1290 2133 1379 2177 dici
1410 2133 1543 2177 Polit.

310 2213 376 2258 IV
406 2229 449 2272 p,
485 2214 573 2257 442
608 2211 656 2256 Β.
686 2213 742 2255 al.

366 2379 398 2423 l)
432 2376 510 2413 Vid.
543 2377 583 2413 E.
619 2388 649 2413 v.
682 2376 922 2425 Voorthuyscn
956 2378 1004 2414 H.
1029 2377 1118 2414 lvii:
1145 2377 1189 2413 de
1215 2377 1368 2414 Platonis
1394 2377 1551 2414 doctrina

310 2443 355 2480 de
388 2443 629 2480 communione
663 2443 852 2487 bonorum,
877 2444 966 2489 Trnj.
992 2444 1034 2479 ad
1063 2444 1170 2479 Rhen.
1203 2446 1317 2487 1850,
1344 2456 1376 2490 p.
1404 2445 1450 2478 36
1477 2453 1551 2491 sq.;

311 2509 552 2551 Tennemann,
592 2509 716 2546 Gcsch.
758 2509 820 2545 der
861 2509 990 2546 Philos.
1024 2514 1106 2546 tom.
1141 2511 1196 2554 ΙΙ,
1232 2522 1266 2558 p.
1304 2512 1394 2552 282,
1429 2510 1550 2557 Kapp:

313 2575 463 2612 Platon's
491 2563 623 2612 Eriieh.
650 2577 776 2620 Lehre,
806 2577 947 2612 Mindae
976 2579 1078 2612 1833.
1105 2579 1137 2611 8.
1166 2577 1266 2622 impr.
1293 2588 1324 2623 p.
1347 2576 1552 2613 157—192.

964 2652 993 2654 ’
1370 2671 1395 2712 3
