1938 3248
859 381 944 424 101

333 517 367 553 in
396 517 462 552 den
489 517 654 553 Gesetzen
685 529 737 553 wo
765 516 821 552 die
847 517 1065 563 personliehe
1090 518 1329 553 Anwesenhcit
1353 518 1413 553 des
1433 518 1520 552 Wei-

332 595 414 630 sen²
454 583 515 618 wie
552 583 736 629 gleichsam
779 582 841 617 des
885 585 1004 618 Arztes
1038 583 1189 628 wegfallt
1216 583 1364 629 (Politic.
1392 596 1425 629 p.
1455 586 1523 618 295

332 647 373 690 C)
413 647 474 681 der
500 647 679 682 Gebraueh
711 648 772 681 der
797 648 895 693 Liige
923 647 1030 682 lieber
1057 660 1143 693 ganz
1176 652 1352 694 untersagt
1373 649 1423 683 als
1455 653 1523 683 mo·

327 712 474 758 glichem
507 712 745 747 Missbrauche
772 712 945 748 Vorwand
973 713 1125 759 gegeben
1154 713 1248 748 wird.

283 778 320 814 P.
354 778 411 814 75.
452 779 517 814 Pro
542 782 667 827 μέγαλα
694 778 914 814 scribendum
943 779 1061 814 monui
1088 785 1171 828 μέγα
1199 797 1241 816 τι.
1280 779 1319 814 In
1346 779 1526 815 Commen-

334 844 460 880 tatione
488 844 658 890 palaeogr.
690 856 724 890 p.
755 847 822 879 858
852 856 900 892 sq.
933 845 1084 881 Bestius:
1114 845 1174 890 „in
1201 844 1387 887 codicibus,
1402 845 1523 892 inquit,

333 921 442 956 neque
469 921 567 945 voces
594 909 750 955 singulae
776 914 845 945 tam
873 913 1029 945 accurate
1057 914 1250 956 separatae,
1274 922 1382 958 neque
1408 910 1524 945 literae

333 976 435 1011 unius
470 975 691 1023 ejusdemque
725 975 818 1011 vocis
842 975 969 1023 ubique
995 979 1064 1011 tam
1092 976 1253 1011 continua
1280 976 1366 1011 serie
1388 975 1523 1022 junctae

332 1047 433 1080 sunt.
480 1046 516 1076 ut
560 1054 649 1076 nunc
684 1054 703 1076 a
748 1041 936 1090 typothetis
973 1041 1097 1076 nostris
1137 1042 1209 1076 fieri
1238 1042 1332 1076 solet.
1385 1042 1522 1088 Duplex

332 1107 396 1142 hoc
436 1110 587 1142 veterum
622 1107 809 1142 scribarum
837 1106 957 1141 vitium
987 1106 1142 1152 ingentes
1170 1106 1203 1141 in
1236 1105 1439 1141 dirimendis
1466 1118 1521 1142 vo-

332 1173 428 1208 cibus
456 1168 586 1208 errores
617 1172 781 1220 peperit.”

282 1238 319 1274 P.
361 1238 416 1274 76.
468 1239 605 1275 Praeter
645 1239 837 1274 Bekkerum
884 1238 985 1273 verba
1024 1245 1141 1287 σμικρᾷ
1169 1240 1239 1286 ἰδέᾳ
1265 1243 1446 1286 τιμιώτερον
1475 1238 1522 1273 ita

333 1303 514 1350 explicavit
539 1303 725 1340 Schneider
752 1308 826 1339 tum
853 1304 888 1339 in
919 1303 1014 1339 Edit.
1041 1307 1115 1338 tum
1142 1303 1177 1338 in
1206 1302 1459 1338 Additamentis
1477 1303 1519 1338 ad

332 1369 404 1404 (liv,
443 1370 525 1405 Plat.
561 1370 667 1405 libros
701 1370 732 1404 X
762 1382 840 1416 pag.
871 1372 933 1409 50,
966 1369 1025 1404 ubi
1052 1369 1095 1403 ad
1124 1369 1310 1403 dictionem
1335 1368 1427 1402 illam
1443 1380 1521 1403 con·

332 1434 413 1470 ferri
449 1438 565 1470 monet
609 1435 727 1470 Horat.
771 1435 838 1470 Sat.
874 1435 910 1476 l,
943 1436 962 1468 6
1001 1446 1029 1469 v,
1074 1435 1174 1469 110.:
1213 1433 1314 1479 „Hoc-
1341 1445 1404 1479 ego
1431 1445 1521 1474 com-

333 1500 489 1542 modius,
526 1513 626 1548 quam
659 1506 714 1543 tu,
749 1502 921 1547 praeclare
951 1504 1104 1542 senator,
1140 1500 1287 1534 ssilillibue
1326 1502 1422 1545 atque
1447 1500 1524 1534 aliis

332 1565 442 1602 vivo.'’
907 1561 909 1563 ’

282 1632 362 1678 Pag.
403 1636 460 1668 80.
498 1633 608 1668 Verba
645 1638 779 1669 ἐνταῦθα
819 1637 854 1670 δὲ
901 1636 975 1681 πρὸς
1010 1638 1221 1681 φαντάσματα
1248 1632 1423 1667 retinenda
1451 1644 1523 1667 esse

333 1697 432 1733 docet
459 1698 533 1745 ipse
560 1709 680 1734 sensus
706 1699 766 1746 qui
792 1699 866 1734 sine
897 1699 951 1734 his
975 1709 1115 1734 maneus
1142 1701 1202 1733 est.

282 1763 362 1809 Pag.
390 1763 463 1798 ead.
515 1763 609 1798 Num
637 1764 725 1799 forte
753 1764 950 1811 praeplacet
975 1764 1042 1799 alia
1070 1764 1152 1798 haec
1179 1763 1365 1807 sententia,
1397 1763 1525 1809 duplex

332 1841 405 1864 esse
442 1829 619 1865 scholion:
660 1830 729 1866 ἀλλ’
769 1832 784 1866 2,
812 1832 910 1879 ὄνομα
937 1833 1030 1869 δηλοῖ
1056 1849 1105 1856 -
1128 1833 1162 1863 et
1194 1833 1279 1876 λέγοι
1306 1833 1335 1864 ἐν
1362 1836 1399 1879 τῇ
1425 1832 1524 1879 ψυχῇ.

333 1894 436 1928 Hunc
463 1895 575 1929 locum
607 1894 743 1929 diverso
758 1894 862 1930 modo
875 1894 1048 1941 explicare
1062 1893 1218 1932 conanti.
1234 1892 1277 1927 ad
1293 1892 1525 1928 defensionem

333 1971 441 1995 meam
469 1960 587 1996 afferre
613 1961 713 1996 liceat
742 1961 842 1996 verba
868 1961 958 1997 God.
973 1961 1149 1996 Hermann
1165 1959 1305 2006 (Opusc.
1323 1959 1351 1992 V
1367 1971 1399 2005 p.
1418 1960 1524 2004 150):

334 2026 530 2069 „Hariolari
558 2027 616 2062 ubi
644 2027 731 2062 nihil
757 2027 863 2063 scitur
891 2038 959 2062 non
986 2030 1036 2061 est
1062 2026 1242 2072 ineptum,
1272 2025 1353 2060 dum
1385 2036 1428 2060 ne
1451 2025 1526 2072 ipse

330 2091 445 2138 inepta
487 2093 531 2127 sit
580 2092 790 2128 hariolatio.”
855 2093 1106 2128 Commendant
1156 2091 1387 2136 conjecturam
1426 2095 1526 2126 antea

331 2158 544 2203 propositam
589 2158 689 2193 verba
731 2158 861 2193 Bastii:
901 2162 1075 2194 comment
1126 2158 1297 2204 palaeogr.
1326 2168 1403 2202 pag.
1431 2157 1524 2192 762:

333 2222 432 2264 „Alia
469 2227 547 2258 nota
585 2223 849 2269 tachygraphica
888 2223 1038 2267 syllabae
1075 2215 1112 2260 {J
1149 2223 1297 2258 multum
1325 2222 1448 2257 similis
1474 2227 1525 2257 est

332 2288 449 2322 literae
487 2289 561 2323 Eta.
600 2288 724 2323 Confer
757 2300 856 2323 voces
889 2292 919 2324 ἐν
960 2296 997 2340 τῇ
1023 2299 1210 2330 οιιῐιι,νοοε
1233 2292 1332 2336 μένων
1359 2287 1427 2322 tab.
1456 2287 1525 2322 VII

331 2365 425 2389 num.
474 2354 515 2390 17
553 2366 570 2388 e
610 2354 728 2389 codice
764 2354 947 2390 Parisiensi
992 2356 1073 2389 133.
1127 2354 1210 2389 Ideo
1245 2354 1385 2389 confusa
1409 2359 1465 2401 μέν
1491 2358 1526 2388 et

330 2425 389 2467 μή.
436 2419 512 2454 Vid.
553 2419 660 2465 Epist.
702 2431 734 2465 p.
772 2422 817 2454 84
853 2422 886 2454 et
924 2420 1068 2464 Gregor.
1109 2431 1141 2465 p.
1183 2420 1252 2453 586
1282 2422 1361 2454 nota
1388 2431 1437 2460 o.,
1464 2418 1523 2454 ubi

331 2485 449 2520 monui
486 2484 640 2520 codicem
680 2484 820 2520 Orionis
859 2484 966 2519 Theb.
1003 2495 1182 2530 perperam
1227 2483 1308 2518 dare
1348 2485 1424 2532 ἔμεν
1461 2495 1524 2529 pro

330 2553 392 2600 οἴμῃ
412 2577 421 2593 ,
461 2549 487 2585 it
514 2561 592 2596 pag.
624 2547 725 2584 5963·
753 2548 841 2584 Ibid.
870 2549 906 2584 in
933 2551 1032 2584 nota:
1060 2548 1242 2596 „Xenoph.
1271 2548 1358 2583 Hier
1396 2549 1412 2583 Ι
1440 2561 1448 2579 :
1479 2551 1522 2583 28

331 2618 368 2653 ἄν
407 2620 448 2664 μὴ
492 2622 581 2660 ξένην
607 2622 710 2667 γήμῃ.
739 2616 806 2650 Pro
833 2620 877 2663 μὴ
907 2626 984 2651 cum
1012 2615 1071 2651 alil
1100 2615 1262 2660 legissent
1286 2620 1362 2664 μέν,
1396 2614 1523 2650 factum
