1938 3248
862 379 916 424 13

328 497 516 545 Summa
558 500 878 561 disputationis
920 499 1233 561 praecedentis
1274 500 1387 546 haec
1415 507 1507 546 est:

264 575 365 623 Nisi
397 580 498 638 quis
522 579 631 624 velit
654 587 844 639 cognata
860 580 1093 639 imponere
1111 578 1335 624 vocabula
1349 579 1507 632 rebus»,

265 664 465 716 praestat
491 673 584 702 non
611 658 678 703 uti
706 658 1007 718 appellatione
1037 658 1170 714 „virt
1200 656 1345 703 card.'’
1363 672 1507 717 quum

264 736 416 794 agitur
442 735 498 781 de
522 735 716 782 Socratis
745 744 790 782 et
816 736 1023 782 Platonis
1056 737 1326 796 aretologia,
1356 737 1505 782 rectis-

265 815 376 859 sime
410 830 462 859 ea
494 813 735 859 adhibetur
767 815 823 860 de
855 816 1102 861 Aristotele
1130 823 1175 860 et
1202 816 1361 860 multis
1394 815 1505 861 Stoi-

265 908 431 937 corum.

832 1186 926 1245 §L

325 1352 395 1397 De
427 1367 601 1397 numero
633 1360 670 1397 et
701 1352 848 1397 ordine
880 1353 1085 1397 virtutum
1112 1353 1362 1412 principum
1394 1354 1440 1398 in

577 1429 791 1489 palmario
824 1429 1022 1475 Platonis
1053 1445 1181 1490 opere.

326 1593 377 1637 In
408 1593 575 1638 Politia
604 1594 843 1639 constituit
875 1593 1007 1639 Plato
1041 1609 1068 1637 a
1101 1592 1297 1639 Socratis
1330 1594 1506 1639 ratione

268 1672 504 1717 discedens
528 1670 571 1729 1)
594 1673 791 1717 virtutes
808 1689 1005 1731 quarum
1025 1673 1342 1731 conjunctione
1360 1674 1508 1717 omnis

264 1750 482 1810 perfectio
500 1756 723 1806 censetur,
742 1750 822 1795 has
839 1757 1059 1810 quatuor:
1084 1757 1229 1806 σοφίαν
1245 1766 1279 1795 s.
1296 1759 1505 1808 φρόνησιν,

264 1833 480 1885 ἀνδρείαν,
523 1838 800 1886 σωφροσύνην,
846 1835 1106 1886 δικαιοσύνην
1151 1827 1303 1886 (Polit.
1355 1828 1421 1873 IV
1463 1846 1505 1890 p.

263 1909 354 1952 427
399 1907 448 1951 E.
493 1905 570 1965 al.)
615 1907 672 1966 2).
739 1908 824 1953 Illa
863 1914 1037 1966 τέτταρα
1067 1920 1134 1965 τῆς
1163 1915 1302 1966 ἀρετῆς
1332 1915 1420 1966 εἴδη
1454 1925 1506 1953 eo

264 1986 421 2030 ordine
464 1986 508 2030 in
555 1987 805 2046 Republica
847 2002 875 2032 a
919 1986 1285 2046 colloquentibus
1323 1986 1508 2032 condita

264 2065 598 2124 investigantur
629 2063 781 2121 (Polit.
812 2065 878 2109 IV
905 2067 996 2110 427
1027 2065 1091 2122 E,
1124 2067 1214 2110 428
1244 2066 1309 2120 A,
1344 2066 1433 2110 429
1454 2064 1504 2121 Β,

265 2143 355 2187 430
384 2142 448 2205 D,
493 2144 583 2186 432
618 2140 686 2200 B).
751 2141 867 2188 Cum
910 2149 1003 2188 tres
1037 2143 1129 2187 sint
1161 2143 1207 2187 in
1242 2158 1295 2187 ea
1322 2142 1505 2187 civitate

264 2219 432 2264 civium
461 2219 662 2264 ordines:
696 2220 1071 2280 gubernatorius‚
1099 2221 1309 2265 militaris
1337 2227 1383 2264 et
1415 2221 1505 2280 opi-

317 2418 350 2463 1)
376 2416 456 2454 vid.
483 2428 569 2465 quae
595 2428 700 2465 supra
726 2416 819 2455 dicta
844 2420 924 2455 sunt
949 2429 1026 2465 pag.
1059 2418 1114 2454 ll.

314 2485 356 2528 2)
387 2483 520 2531 Sequor
550 2482 752 2530 paginarum
779 2483 989 2519 notationem
1023 2482 1163 2518 Henrici
1191 2483 1377 2529 Stephani,
1402 2496 1505 2531 quam

263 2549 446 2597 pleraeque
479 2550 678 2587 recentioris
708 2550 830 2586 aetatis
863 2549 1115 2585 Platonicorum
1151 2550 1306 2595 operum
1336 2550 1506 2586 editiones

262 2615 298 2650 iu
333 2614 487 2661 margine
517 2614 691 2662 appictum
722 2615 858 2651 habent.
