1938 3248
1013 336 1070 379 32
1579 366 1601 386 ι

414 457 556 501 ullam
601 457 804 516 requiem
849 456 1075 501 malorum
1118 454 1186 513 1):
1226 464 1296 502 ἐὰν
1326 467 1377 514 μὴ
1407 485 1461 494 -
1489 487 1543 494 -
1569 470 1595 516 ἤ
1623 466 1662 504 οἱ

413 541 622 593 φιλόσοφοι
654 540 938 594 βασιλεύσωσιν
971 543 1013 580 ἐν
1044 545 1132 586 ταῖς
1162 539 1344 585 πόλεσιν.
1374 545 1400 592 ἡ·
1428 543 1466 580 οἱ
1494 540 1660 594 βασιλῆς

414 636 454 659 τε
496 626 566 659 νῦν
608 618 810 670 λεγόμενοι
844 622 910 658 καὶ
944 618 1138 659 δυνάσται
1170 618 1459 670 φιλοσοφήσωσι
1491 622 1660 671 γνησίως

415 714 454 737 τε
487 701 553 737 καὶ
586 700 757 745 ἱκανῶς,
788 700 854 737 καὶ
887 703 1002 737 τοῦτο
1025 699 1078 743 εἷς
1100 698 1247 738 ταύτὸν
1268 698 1470 752 ξυμπέσῃ,
1491 698 1662 749 δύναμίς

415 793 455 816 τε
500 775 687 827 πολιτικὴ
719 779 784 816 καὶ
817 775 1033 828 φιλοσοφία
1064 800 1114 805 —-
1145 800 1198 807 —
1228 800 1281 807 —
1310 779 1379 818 οὐκ
1411 779 1493 817 ἔστι
1525 780 1660 818 κακῶν

414 854 549 894 παῦλα
579 877 631 883 -—-—
661 877 712 883 —
742 877 796 884 -—·
825 860 913 900 ταῖ,ι
943 854 1105 894 πόλεσιν
1138 850 1183 907 2)
1230 848 1383 905 (polit.
1419 850 1462 894 V
1493 867 1535 909 p.
1571 852 1660 894 473

415 926 461 970 e.
497 927 550 971 D.
587 911 666 970 1151
699 925 791 969 vid.
827 925 986 970 Staub.
1025 927 1126 970 0011.
1156 926 1663 972 Heusd.1nit.tom.111

414 1021 456 1065 p.
495 1007 550 1049 74
586 1005 622 1048 ἀ
652 1003 786 1048 Polit.
823 1003 887 1048 VI
919 1020 962 1064 p.
1001 1006 1086 1049 501
1123 1004 1190 1061 B).
1242 1006 1306 1049 At
1337 1005 1662 1065 philosophum

415 1098 511 1126 esse
541 1098 564 1126 e
592 1089 745 1125 mente
769 1081 975 1126 Platonis
1010 1082 1328 1127 difficillimum
1363 1089 1443 1127 est.

481 1159 611 1203 Polit.
644 1158 721 1203 lib.
757 1159 845 1203 VII
885 1168 1213 1204 enumerantur
1238 1167 1371 1215 artes,
1401 1161 1567 1219 quibus
1601 1162 1663 1205 in-

415 1236 633 1282 stituendi
663 1244 773 1281 sunt
800 1237 844 1292 ii,
873 1237 951 1296 qui
982 1238 1229 1297 aliquando
1260 1238 1318 1283 ad
1352 1238 1558 1284 idearum
1587 1255 1661 1283 no-

472 1469 502 1512 Ι)
539 1467 662 1502 Parum
692 1466 857 1501 interesse
884 1470 998 1502 utrum
1028 1479 1116 1502 unus
1142 1479 1184 1502 nn
1205 1468 1330 1514 -plures
1356 1468 1507 1515 praesint
1532 1468 1662 1504 civitati

415 1531 500 1567 dicit
534 1532 633 1567 Plato
667 1531 731 1567 sub
766 1532 868 1567 finem
898 1532 945 1567 lib
988 1532 1033 1566 lv
1061 1532 1223 1575 Politine,
1250 1537 1284 1567 at
1309 1532 1343 1568 in
1374 1533 1502 1568 Politia.
1529 1546 1551 1581 p
1592 1535 1661 1568 302

414 1597 494 1633 facit
533 1609 610 1632 cum
653 1597 804 1632 Homero
843 1597 958 1643 (Iliad.
997 1598 1048 1637 ΙΙ,
1091 1599 1178 1642 204)
1214 1601 1270 1634 οὐκ
1312 1601 1432 1646 ἀγαθὸν
1475 1602 1662 1647 πολυκοιρα-

413 1669 462 1702 νίη
495 1666 562 1699 κτὲ.

467 1730 502 1774 2)
536 1728 577 1762 In
613 1726 763 1771 Legibus
799 1727 864 1767 IV.
901 1739 935 1774 p.
974 1728 1042 1763 715
1073 1727 1111 1762 D.
1142 1728 1311 1774 legimus:
1347 1732 1377 1765 ἐν
1404 1731 1425 1780 ᾖ
1451 1732 1507 1776 μὲν
1533 1732 1597 1777 γὰρ
1624 1730 1663 1765 ἂν

414 1797 590 1842 ἀρχόμενος
626 1789 648 1843 ᾗ
689 1796 742 1828 καὶ
778 1794 892 1842 ἄκυρος
924 1796 1038 1841 νόμος,
1075 1796 1190 1841 φθὸραν
1225 1795 1287 1841 ὃρῶ
1314 1802 1351 1845 τῇ
1376 1798 1506 1843 τοιαύτῃ
1535 1796 1663 1841 ἕτοίμην

414 1859 523 1895 οὖσαν·
555 1861 584 1893 ἑν
611 1860 630 1908 ᾗ
660 1859 696 1894 δὲ
722 1858 761 1893 ἂν
788 1858 943 1897 δεσπότης
970 1865 1032 1893 τῶν
1058 1860 1238 1905 ἀρχόνταν,
1269 1861 1298 1895 οἱ
1325 1860 1361 1895 δὲ
1388 1859 1538 1906 ἄρχοντες
1555 1859 1664 1894 δοῦλοι

414 1929 470 1960 τοῦ
504 1927 622 1971 νόμον,
659 1927 818 1969 σωτηρίαν
852 1925 906 1958 καὶ
942 1922 1033 1958 πάνθ’
1068 1924 1128 1958 ’ὅσα
1163 1926 1226 1959 θεοὶ
1259 1926 1388 1960 πόλεσιν
1415 1925 1529 1960 ἔδοσαν
1556 1926 1663 1970 ἀγαθὰ

412 1992 586 2037 γιγνόμενα
603 1992 736 2035 καθορῶ.
763 1986 802 2021 In
822 1986 946 2021 Politia
966 1998 1099 2022 summa
1118 1987 1303 2022 auctoritas
1317 1998 1422 2034 penes
1436 1987 1663 2034 philosophos

415 2058 484 2094 est,
519 2053 589 2101 quiv
614 2064 732 2087 curare
760 2052 886 2087 debent
914 2056 951 2087 ut
977 2053 1070 2098 leges
1095 2064 1114 2087 a
1141 2052 1274 2088 civibus
1300 2052 1541 2094 observentur,
1567 2056 1601 2087 at
1627 2051 1661 2086 in

417 2123 534 2167 Νόμοις
566 2118 632 2165 ipsi
668 2118 820 2163 Legibus
853 2117 1007 2153 adstricti
1045 2122 1135 2153 sunt.
1186 2117 1255 2153 Csr.
1282 2118 1385 2163 Legg.
1415 2117 1481 2162 IX,
1510 2129 1542 2164 p.
1571 2117 1660 2161 875,

415 2184 514 2218 Polit.
543 2183 613 2224 111,
643 2195 676 2229 p.
705 2185 795 2225 398,
823 2183 882 2225 IV,
909 2194 944 2229 p.
972 2185 1042 2217 425
1069 2183 1115 2223 C,
1135 2183 1240 2227 Legg.
1258 2182 1313 2225 11,
1332 2194 1365 2228 p.
1384 2183 1476 2223 653.
1494 2181 1595 2217 Polit.
1614 2181 1662 2223 X,

415 2260 448 2296 p.
486 2250 575 2291 619,
611 2248 677 2287 VI.
713 2260 746 2295 p.
782 2250 873 2284 489.
911 2250 1004 2293 49¹,
1037 2248 1123 2289 VII.
1148 2260 1181 2295 p.
1211 2249 1299 2288 538,
1331 2246 1434 2289 VIII,
1460 2258 1483 2293 p
1523 2248 1593 2282 550
1620 2246 1663 2282 nl.

415 2314 499 2348 Eam
550 2313 659 2355 viam,
698 2313 731 2348 in
772 2325 874 2361 quam
916 2313 1075 2349 educatio
1115 2312 1289 2349 hominem
1334 2311 1498 2352 deduxit,
1540 2316 1663 2358 sponte

414 2384 507 2415 tenet
556 2380 715 2415 Ceterum
753 2383 843 2415 recte
870 2379 1011 2415 Aristot.
1039 2379 1223 2417 discrimen
1249 2378 1339 2415 inter
1365 2377 1468 2414 Polit.
1494 2382 1528 2414 et
1554 2378 1663 2424 Leges

416 2447 502 2481 Plnt.
530 2447 709 2482 constituit
736 2448 820 2481 boc:
846 2446 962 2490 (Polit.
992 2447 1044 2484 ΙΙ.
1072 2458 1143 2492 cap.
1175 2448 1210 2490 3)
1237 2449 1299 2481 καὶ
1325 2448 1388 2493 γὰρ
1415 2449 1445 2481 ἐν
1472 2454 1509 2495 τῇ
1531 2449 1662 2492 Ιιολιτὶᾳ

413 2515 483 2560 περὶ
510 2514 625 2560 ὀλίγων
649 2517 783 2561 πάμπαν
811 2515 953 2560 διώρικεν
981 2514 996 2548 ‘o
1026 2516 1190 2560 Σωκράτης
1200 2537 1309 2549 .....
1341 2509 1442 2546 Cous.
1461 2509 1560 2546 etiam
1581 2512 1663 2546 Ast:

415 2578 454 2612 1..
483 2589 515 2612 u.
543 2577 576 2612 S.
605 2588 635 2623 p.
667 2579 748 2612 384.
