1938 3248
1029 369 1057 409 4

416 488 645 535 Ciceronis
679 487 850 532 librum
882 503 939 531 ne
978 489 1116 532 titulo
1151 489 1336 548 quidem
1372 499 1563 551 excepto
1606 491 1662 548 1).

478 567 813 626 Hieronymum
845 566 1029 611 nomine
1059 567 1193 622 „virt
1224 567 1370 612 card.”
1399 584 1534 614 usum
1567 585 1664 615 esse

416 661 506 689 non
523 644 637 700 vidi,
657 651 789 689 vocat
805 659 879 688 eas
899 651 1126 703 „quatuor
1149 646 1369 690 virtutes”
1387 646 1510 705 (Vid.
1526 646 1662 706 Oper.

413 731 522 768 tom.
569 722 634 767 VI
676 739 718 782 p.
756 723 843 766 565
883 746 926 761 =
964 721 1136 767 Gomm.
1172 724 1219 767 in
1254 724 1404 769 Naum
1441 740 1536 785 cap.
1571 725 1661 778 ΙΠ;

413 801 555 860 Epist.
603 801 660 844 66
706 799 764 843 ad
809 799 1068 844 Pammach.
1115 799 1248 860 Oper.
1295 809 1404 846 tom.
1438 802 1460 846 I
1492 818 1534 862 p.
1572 804 1661 847 392

413 877 481 922 ed.
515 875 719 934 Vallars)
751 885 798 922 at
831 879 1089 936 catalogum
1122 879 1350 924 virtutum
1382 879 1507 925 «Iusti
1536 880 1663 925 dedit

413 957 460 1000 in
505 953 756 1000 Comment.
792 955 839 999 in
876 954 1093 1000 Ezechiel.
1129 954 1233 1016 (Op.
1268 963 1376 1002 tom.
1414 957 1456 1001 V
1488 973 1530 1017 p.
1571 960 1659 1003 203

414 1034 482 1079 ed.
518 1033 672 1091 laud).

475 1112 674 1157 Thomas
702 1111 909 1171 Aquinas
932 1112 979 1157 in
1003 1111 1192 1159 Summa
1213 1113 1488 1173 Theologiae
1511 1112 1660 1173 (cujus

412 1189 611 1234 editione
655 1205 766 1233 usus
810 1205 912 1233 sum
946 1205 999 1233 ea
1031 1205 1147 1248 quae
1181 1189 1503 1255 prodiit-anno
1541 1192 1658 1236 1585

410 1268 556 1312 forma
609 1267 811 1312 maxima
864 1267 1142 1327 Antverpiae
1196 1267 1318 1327 apud
1374 1267 1661 1325 Plantinum)

413 1345 546 1390 docet
590 1361 745 1390 omnes
789 1346 985 1390 virtutes
1025 1346 1218 1391 morales
1252 1345 1310 1390 ad
1344 1353 1543 1405 quatuor
1575 1347 1661 1390 vir-

411 1431 533 1468 tutes
567 1424 818 1469 cardinales
852 1424 1032 1479 reduci,
1066 1424 1306 1469 cardinales
1342 1440 1417 1469 eas
1441 1424 1530 1470 dici
1553 1425 1660 1484 quia

411 1509 517 1547 sunt
549 1501 848 1547 fundamenta
882 1502 1077 1547 aliarum
1111 1502 1356 1558 virtutum,
1380 1517 1454 1547 eas
1478 1508 1658 1548 tantum

410 1587 607 1640 quatuor
639 1596 831 1625 numero
863 1596 958 1625 esse
993 1597 1025 1625 s.
1055 1581 1186 1640 prud.
1206 1582 1316 1639 just.
1341 1582 1443 1626 fort.
1468 1589 1656 1640 temper.

411 1657 580 1702 Eadem
624 1658 955 1717 significatione
998 1658 1205 1703 adhibita
1248 1665 1316 1702 est
1350 1660 1596 1718 appellatio
1630 1675 1656 1702 a

413 1737 571 1780 multis
589 1737 852 1781 recentioris
864 1737 1027 1782 aetatis
1039 1736 1334 1797 philosophis.
1355 1734 1418 1781 Cf.
1434 1735 1657 1792 StaudlitJ,

410 1814 571 1859 Gesch.
591 1815 633 1858 d.
658 1815 843 1860 Christl.
867 1815 1012 1860 Moral
1036 1816 1120 1859 seit
1144 1815 1248 1860 dem
1265 1814 1657 1860 Wiederaufleben

408 1893 491 1936 der
510 1893 781 1937 Wissensch.
795 1929 805 1948 ,
826 1892 1070 1952 Gottingae
1094 1896 1210 1939 1808
1229 1894 1410 1952 passim,
1431 1892 1656 1938 Schwarz:

409 1970 488 2014 Ev.
534 1969 718 2015 Christl.
765 1970 928 2027 Ethik,
973 1970 1181 2017 Heidelb.
1233 1972 1374 2026 1836,
1416 1978 1524 2016 tom.
1559 1969 1581 2014 I
1613 1987 1656 2030 p.

409 2050 494 2092 271
533 2062 598 2108 sq.
665 2048 873 2092 Laudare
897 2050 1112 2094 sufficiat:
1138 2048 1357 2094 Leonard.
1383 2048 1492 2094 Less
1514 2048 1654 2107 (Prof.

408 2126 574 2172 Lovan.
610 2126 694 2173 Ob.
730 2143 767 2172 a.
809 2124 970 2185 1623):
1006 2127 1063 2172 de
1086 2127 1270 2187 justitia
1291 2134 1337 2174 et
1352 2128 1458 2186 jure
1481 2128 1656 2173 ceteris-

407 2222 494 2265 que
538 2205 788 2251 virtutibus
833 2206 952 2251 card.
1000 2207 1074 2252 lib.
1116 2206 1183 2251 IV
1226 2206 1285 2250 ad
1318 2207 1560 2253 secundam
1596 2223 1656 2252 se-

463 2411 495 2453 1)
521 2409 703 2445 Notandus
731 2414 783 2444 est
808 2410 939 2456 duplex
965 2422 1060 2445 error
1085 2411 1179 2446 Frid.
1207 2411 1314 2446 Henr.
1341 2411 1469 2447 Christ.
1489 2412 1655 2448 Schwarz.

409 2473 475 2509 Hic
510 2473 602 2509 enim
637 2474 673 2509 in
710 2486 835 2522 opere:
871 2475 990 2521 Evang
1003 2475 1158 2512 -Christ1.
1185 2475 1318 2518 ‚Ethik.
1349 2479 1431 2512 tom.
1459 2476 1493 2519 Ι,
1521 2489 1554 2524 p.
1583 2478 1650 2514 271

405 2539 547 2574 scribit:
583 2540 788 2574 Ambrosius
824 2541 882 2574 hat
912 2540 989 2585 jene
1016 2541 1146 2576 Platon.
1176 2544 1198 2575 4
1225 2542 1303 2576 virt.
1331 2542 1518 2577 cardinales
1543 2544 1656 2588 ausge-

406 2617 566 2641 nommcn
595 2605 666 2641 und
694 2605 739 2641 ist
766 2605 827 2641 der
854 2610 942 2642 erste
971 2606 1032 2642 der
1058 2607 1108 2642 sie
1134 2619 1172 2642 so
1201 2611 1320 2647 neunt.
