1938 3248
919 362 976 404 55

325 483 419 541 ejus
455 483 645 541 vestigia
678 483 809 526 multi
846 490 964 528 sunt.
1032 483 1383 528 Tennemannus
1408 502 1442 528 e.
1462 501 1503 542 g.
1524 486 1569 528 in
1647 485 1649 487 ’

325 559 576 619 Systemate
621 561 784 604 Philos.
823 561 1025 616 Platon,
1060 568 1167 605 tom.
1203 561 1247 615 Ι,
1283 562 1569 606 authentiam

325 639 595 697 scriptorum
632 639 716 693 „de
750 639 899 683 anima
930 638 1116 683 mundi”
1151 638 1319 682 Timaei
1342 638 1486 684 >Locri
1523 646 1569 684 et

326 715 410 769 „de
443 722 606 758 natura
643 726 707 759 τοῦ
738 721 914 765 παντός”
949 714 1093 760 Ocelli
1127 715 1299 759 Lucani
1331 723 1426 759 tam
1461 723 1566 760 stre-

322 809 410 837 nue
444 793 749 852 impugnavit,
785 800 835 837 ut
867 793 1022 837 nullus
1055 792 1220 837 deinde
1254 793 1437 839 criticus
1468 809 1566 838 eam

323 871 584 915 defenderit.
608 871 650 927 1)
683 870 787 914 Jam
821 886 964 930 pauca
997 872 1204 926 afferam,
1238 870 1359 915 unde
1391 871 1565 930 patebit

321 950 468 1008 qualis
500 949 634 994 hodie
667 950 726 994 sit
757 950 1034 1008 quaestionis
1069 956 1224 994 status.

383 1027 421 1071 E
453 1028 715 1087 fragmentis
746 1028 1136 1088 Pythagoreorum
1152 1029 1232 1072 illa
1250 1034 1431 1072 tantum
1447 1043 1562 1086 quae

321 1105 513 1149 Philolai
541 1113 668 1160 sunt,
688 1122 778 1149 non
796 1107 842 1149 in
860 1106 1050 1150 dubium
1067 1106 1271 1150 vocanda
1289 1121 1385 1149 esse
1404 1106 1561 1150 scribit

318 1183 484 1227 Anton.
535 1183 876 1239 Westermann,
927 1185 1002 1227 in:
1055 1184 1199 1242 Pauly
1248 1183 1559 1243 Real-Encycl.

319 1276 350 1303 s.
379 1276 420 1304 v.
458 1260 816 1321 ‚‚Pythagoras‚”
851 1268 896 1305 et
928 1261 1154 1313 Hem-icus
1186 1261 1359 1315 Ritter,
1400 1258 1558 1305 Gesch.

319 1337 399 1382 der
431 1339 601 1382 Philos.
636 1346 742 1382 tom.
779 1339 800 1382 I
833 1356 875 1398 p.
912 1341 998 1384 359
1034 1345 1189 1383 monet
1222 1339 1366 1383 multa
1393 1339 1560 1398 scripta

318 1424 363 1460 et
396 1417 648 1476 fragmenta
671 1416 892 1460 librorum
916 1432 1030 1476 quae
1047 1416 1379 1476 antiquioribus
1396 1416 1558 1477 Pytha-

315 1495 463 1552 goreis
497 1494 637 1538 tribui
659 1496 884 1538 solebant:
910 1494 1117 1549 Timaeo,
1137 1494 1378 1554 Archytae,
1398 1493 1555 1539 Ocello

319 1571 499 1617 Lucano
513 1609 522 1627 ‚
572 1572 792 1617 Brontino
806 1608 816 1628 ,
866 1571 1181 1633 Euryphamo,
1233 1578 1357 1617 certo
1391 1572 1556 1617 certius

315 1650 469 1709 spuria
502 1665 608 1693 esse.
644 1649 794 1694 Caroli
828 1648 1063 1709 Goettling
1097 1648 1261 1707 (Praei.
1286 1649 1344 1693 ad
1367 1649 1554 1693 Aristot.

315 1727 447 1771 Polit.
493 1744 592 1787 pag.
639 1727 700 1784 X)
743 1729 854 1772 haec
889 1730 1107 1787 leguntur
1138 1728 1302 1772 verba:
1337 1728 1557 1783 „Politica

315 1806 482 1865 scripta
515 1823 603 1851 non
640 1805 855 1851 videntur
885 1806 1079 1851 edidisse
1112 1806 1412 1867 Pythagorei,
1445 1821 1552 1850 nam

311 1898 427 1940 quae
461 1884 583 1943 apud
618 1884 861 1929 Stobaeum
896 1885 1193 1929 inveniuntur
1224 1886 1480 1944 fragmenta
1502 1889 1554 1927 ut

313 1961 564 2021 Archytae,
611 1961 915 2022 Hippodami‚
951 1962 1241 2021 Diotogenis,
1275 1963 1470 2006 aliorum
1503 1976 1554 2004 ea

311 2040 460 2084 omnia
503 2040 582 2084 diu
615 2048 716 2101 post
750 2040 949 2086 Platonis
983 2048 1029 2085 et
1061 2041 1318 2086 Aristotelis
1346 2046 1551 2099 tempora

310 2118 522 2162 mandata
569 2120 715 2163 literis
769 2127 887 2163 sunt.
937 2120 989 2162 In
1034 2120 1244 2163 omnibus
1288 2119 1408 2162 enim
1451 2111 1550 2160 istis

309 2195 574 2253 fragmentis
624 2197 793 2240 mentio
838 2197 966 2256 regni
1011 2197 1212 2255 injicitur
1253 2202 1306 2240 ut
1350 2194 1548 2255 optimae

308 2273 578 2331 reipublicae
624 2274 815 2327 formae,
859 2272 979 2330 quod
1013 2278 1192 2316 tantum
1227 2273 1354 2316 abest
1391 2278 1445 2315 ut
1476 2286 1547 2315 ex·

358 2476 393 2525 1)
432 2477 567 2513 Horum
607 2477 774 2512 librorum
814 2477 952 2525 quinam
980 2488 1057 2514 ante
1084 2479 1189 2514 Mein.
1216 2479 1453 2527 antiquitatem
1485 2469 1562 2526 ops

305 2542 550 2588 pugnaverint,
592 2542 669 2577 vide
694 2542 787 2589 apud
813 2542 1035 2586 Fabricium,
1062 2543 1102 2580 B.
1127 2543 1186 2580 Gr.
1213 2547 1296 2580 tom.
1323 2545 1339 2580 I
1367 2556 1424 2591 pp.
1453 2548 1544 2588 855,

306 2606 386 2643 877.
413 2606 465 2643 ed.
493 2606 590 2643 Harl.
