1938 3248
851 357 908 402 25

257 495 299 539 p.
335 477 424 538 35).
489 480 744 526 Discrimen
793 486 862 525 est
909 481 1027 542 inter
1068 482 1310 538 „vincendi
1343 480 1497 527 studio

256 556 598 604 inflammatus'’'
630 567 676 604 et
716 565 996 616 ,,μαχητικὸς.”
1055 560 1114 605 Ni
1155 561 1290 605 fallor
1321 573 1499 619 semper

258 640 462 692 φιλόνικος
503 635 701 682 vincendi
734 635 873 680 studio
914 636 1204 694 inflammata,
1244 652 1499 695 numquam

257 717 375 761 mitrae
417 715 605 779 studiosa
647 713 770 758 dicta
806 715 895 758 fuit
934 730 961 758 a
992 715 1180 760 Platone
1215 716 1326 760 haec
1357 715 1498 759 animi

257 810 381 854 pars,
414 808 530 853 quae
563 794 608 837 in
641 792 825 837 civitate
856 793 1070 838 convenit
1102 809 1207 838 cum
1234 792 1394 837 ordine
1420 792 1499 837 mi-

257 873 392 918 litari.
411 872 492 918 Off.
511 871 733 932 imprimis
751 870 884 916 Polit.
904 870 968 916 IX
985 887 1028 932 p.
1049 874 1136 917 583
1157 872 1221 927 A;
1242 873 1330 917 586
1350 871 1402 916 D.
1423 870 1496 925 E.;

259 951 368 996 VIII
409 967 451 1011 p.
487 952 574 995 545
609 951 651 994 A
683 959 729 994 et
761 949 917 995 Stallb.
952 950 1063 1010 Rep.
1098 958 1207 995 tom.
1241 950 1285 995 II
1318 966 1359 1010 p.
1398 952 1496 993 171.

320 1030 452 1075 Polit.
491 1028 534 1074 X
573 1045 616 1089 p.
653 1030 740 1073 612
779 1037 847 1074 καὶ
878 1035 960 1074 τότ’
989 1039 1042 1075 ἄν
1074 1051 1132 1082 τις
1162 1035 1240 1075 ἴδοι
1271 1035 1392 1084 αὐτῆς
1425 1038 1496 1084 τὴν

257 1093 377 1164 iil-'10⁷7
418 1116 556 1164 φύσιν,
595 1113 673 1151 εἴτε
703 1111 917 1163 πολυείδης
947 1115 1023 1152 εἴτε
1052 1114 1281 1164 μονοειδής,
1312 1113 1389 1152 εἴτε
1418 1114 1496 1165 ὅπῃ

259 1193 338 1245 ἔχει
370 1194 438 1230 καὶ
466 1194 584 1237 ὅπως.

319 1262 437 1307 Tum
471 1262 656 1307 demum
689 1278 771 1306 nos
804 1278 960 1307 veram
993 1264 1133 1308 animi
1160 1270 1372 1308 naturam
1397 1277 1496 1306 con-

258 1343 559 1401 templaturos
591 1356 686 1384 esse
720 1340 925 1385 Socrates
957 1341 1021 1385 ibi
1054 1341 1187 1396 dicit,
1220 1356 1363 1400 quum
1398 1355 1498 1399 pur-

257 1426 390 1478 gatus
433 1419 472 1463 is
508 1419 648 1469 fuerit
680 1434 706 1462 a
739 1417 949 1463 sordibus
984 1419 1194 1473 marinis,
1229 1434 1345 1477 quae
1377 1433 1500 1462 nunc

259 1498 300 1542 ei
317 1505 552 1557 tamquam
570 1494 742 1542 Glauco
759 1497 935 1541 marino
952 1496 1284 1542 adhaerescunt
1328 1495 1498 1540 Locum

260 1577 391 1621 illum
430 1575 723 1635 conjungenti
756 1591 860 1620 cum
894 1576 1027 1621 Polit.
1062 1576 1142 1621 ΙΧ.
1160 1592 1202 1636 p.
1239 1577 1326 1621 588
1347 1575 1495 1634 Bsqq.

262 1655 339 1701 ubi
367 1655 585 1715 legimus:
619 1654 657 1699 si
689 1655 791 1714 quis
823 1656 1020 1716 reperire
1053 1653 1165 1701 velit
1180 1656 1327 1715 qualis
1345 1669 1499 1699 revera
1563 1713 1565 1716 ι

260 1735 319 1778 sit
360 1734 562 1788 animus,
606 1749 785 1778 necesse
823 1741 892 1780 est
923 1750 1028 1780 eum
1062 1735 1315 1781 consideret
1352 1734 1500 1793 qualis

239 1812 442 1855 futurus
492 1812 551 1855 sit
587 1826 731 1870 purus
775 1812 945 1868 factus,
980 1797 1120 1857 cicuta
1153 1813 1323 1858 scilicet
1355 1811 1500 1856 leonis

259 1890 542 1948 aliarumque
573 1889 822 1935 bestiarum
856 1898 1043 1947 natura,
1078 1907 1184 1936 nam
1222 1891 1370 1936 multo
1403 1890 1499 1949 pul-

260 1968 453 2013 criorem
485 1976 594 2012 tunc
626 1968 939 2028 appariturum
973 1984 1086 2027 esse,
1121 1976 1309 2030 apparet
1342 1983 1497 2013 veram

259 2048 399 2093 animi
431 2053 640 2091 naturam
674 2047 721 2090 in
748 2047 913 2092 Politia
928 2050 1120 2107 proponi
1142 2055 1378 2106 tamquam
1400 2047 1500 2090 sim-

259 2126 437 2187 plicem.
503 2125 567 2170 At
597 2140 688 2169 non
716 2140 893 2186 semper
928 2125 1060 2171 Plato
1093 2127 1159 2172 ita
1190 2126 1403 2172 statuisse
1436 2124 1498 2168 vi-

260 2205 406 2248 detur.
471 2203 810 2262 Argumentum
852 2205 1067 2264 quintum
1110 2221 1193 2265 pro
1235 2203 1498 2263 immortali-

262 2290 353 2327 tate
403 2282 543 2325 animi
596 2282 643 2325 in
687 2281 929 2327 Phaedone
965 2283 1051 2327 hoc
1094 2290 1183 2337 est,
1227 2281 1350 2340 quod
1399 2281 1499 2324 sim-

262 2359 369 2421 plex
407 2359 467 2404 sit
502 2373 649 2419 neque
677 2357 863 2405 dissolvi
895 2360 1049 2421 possit.
1115 2359 1330 2421 Legimus
1359 2357 1498 2403 Phac-

263 2438 366 2481 don.
420 2453 462 2496 p.
520 2439 578 2481 80
633 2438 670 2481 Β
726 2449 779 2494 τῷ
825 2446 899 2493 μὲν
944 2446 1029 2494 θείῳ
1086 2446 1150 2484 καὶ
1203 2446 1386 2495 ἀθανάτῳ
1432 2446 1499 2481 καὶ

263 2525 392 2572 νοητῷ
433 2523 501 2560 καὶ
538 2521 736 2571 μονοείδει
775 2524 842 2562 καὶ
881 2520 1086 2573 &Bauium
1124 2525 1191 2562 καὶ
1222 2523 1284 2562 ἀεὶ
1314 2524 1498 2568 ὡσαύτως

264 2601 331 2640 καὶ
362 2601 465 2639 κατὰ
486 2600 621 2638 ’ταύτὰ
650 2600 784 2654 ἔχοντι
813 2603 943 2652 ἑαυτῷ
963 2602 1201 2652 ὁμοιότατον
1223 2597 1327 2641 εἶναι
1351 2605 1498 2655 ψυχήν.
