1938 3248
901 390 957 433 5⁷

305 512 435 556 strari
479 512 587 556 haec
629 513 883 571 fragmenta
906 511 983 565 ‚ad
1020 511 1305 571 Pythagorae
1338 518 1543 571 tempora

303 592 526 651 pertinere
565 590 608 647 1)
641 598 685 636 et
712 597 816 635 ante
839 590 1013 649 aliquot
1038 606 1179 634 annos
1198 589 1250 635 V.
1271 590 1401 635 Doct.
1421 588 1473 636 Ο.
1494 589 1542 634 F.

302 667 487 731 Gruppe
516 672 561 715 in
596 669 773 729 Disput.
811 685 851 728 q.
870 669 897 712 i.
916 667 1067 713 Ueber
1085 668 1158 713 die
1175 668 1444 729 Fragmente
1462 669 1541 713 des

300 748 524 808 Archytas
557 748 652 793 und
686 747 766 792 der
797 747 942 792 alteru
979 747 1285 808 Pythagoreer
1318 763 1418 807 pag.
1455 747 1542 791 VII

301 825 409 870 haec
443 826 579 870 verba
607 825 857 885 scripserit:
884 825 936 868 In
960 824 1040 869 der
1057 825 1174 870 Tha-t
1190 825 1429 870 entdeckte
1446 825 1541 870 sich

299 905 382 947 auf
407 904 496 948 den
523 910 672 947 ersten
690 902 842 957 Blick,
861 902 964 947 dass
982 904 1080 947 hier
1096 903 1169 947 die
1185 904 1539 962 gewohnlichstc

300 980 494 1041 Sprache
522 997 610 1026 nur
637 982 683 1025 in
713 980 920 1025 dorische
955 980 1129 1025 Vokale
1160 980 1254 1025 und
1284 980 1538 1040 Endungen

298 1059 547 1105 verkleidet
586 1061 663 1104 sei.

359 1136 414 1181 ΙΙ.
450 1137 603 1197 Magni
619 1137 831 1197 ponderis
849 1142 1169 1196 argumentum
1184 1142 1339 1180 contra
1353 1135 1538 1180 authen-

296 1216 406 1260 tiam
439 1217 623 1260 illorum
651 1217 1031 1275 fragmentorum,
1066 1216 1111 1259 in
1141 1216 1305 1274 quibus
1324 1216 1378 1260 de
1397 1216 1536 1259 animi

296 1292 483 1337 humani
508 1293 712 1353 partibus
736 1300 781 1338 et
800 1293 1019 1337 divisione
1039 1294 1221 1337 virtutis
1239 1293 1534 1352 quadriparti-

294 1378 340 1415 ta
373 1372 546 1431 agitur,
592 1372 696 1416 hinc
729 1373 821 1431 peti
856 1387 984 1431 posse
1017 1371 1222 1427 videtur,
1257 1371 1381 1429 quod
1414 1370 1533 1430 apud

296 1448 531 1493 Platonem
566 1450 719 1494 eadem
751 1450 829 1494 illa
861 1465 975 1509 quae
1003 1449 1065 1494 ibi
1104 1457 1320 1508 tanquam
1354 1464 1535 1509 excerp-

293 1535 339 1571 ta
388 1537 657 1584 occurrunt,
701 1547 725 1573 a
765 1519 1124 1587 colloquentibus
1163 1530 1270 1588 ipsis
1304 1528 1536 1572 inveniun-

293 1611 380 1649 tur.

354 1683 431 1728 III.
498 1685 771 1729 Testimonia
821 1685 1080 1729 Aristotelis
1126 1692 1171 1728 et
1215 1684 1408 1728 Philolai
1453 1685 1530 1743 qui

292 1777 395 1805 cum
428 1762 672 1807 Aristotele
708 1764 930 1808 consentit
950 1760 1020 1820 2),
1055 1763 1110 1807 de
1140 1763 1344 1808 doctrina
1373 1762 1534 1822 Pytha-

346 1977 376 2019 Ι)
403 1975 482 2010 Vid.
511 1975 603 2020 eJus:
636 1976 848 2022 Disputatio,
877 1989 943 2024 qua
968 1977 1194 2023 respondetur
1212 1977 1254 2011 ad
1276 1977 1531 2024 quaestionem:

291 2043 342 2076 Au
377 2044 410 2074 ct
445 2045 612 2087 quatenus
649 2040 866 2088 Philosophi.
903 2043 961 2089 qui
989 2047 1066 2078 ante
1093 2044 1266 2079 Socratem
1294 2047 1326 2078 et
1358 2043 1530 2079 Platonem

289 2105 442 2146 fuerunt,
470 2110 572 2152 atque
597 2106 649 2140 iili
678 2107 743 2152 ipsi
777 2112 811 2141 et
837 2108 895 2154 qui
923 2120 964 2142 cx
991 2120 1108 2143 eorum
1137 2109 1263 2143 scholis
1291 2113 1407 2155 postea
1427 2109 1530 2154 prod-

287 2169 417 2212 ierunt,
456 2171 492 2206 in
532 2172 841 2208 commemorandis
869 2173 922 2208 vel
948 2178 982 2208 et
1008 2174 1221 2221 exponendis
1248 2174 1431 2222 principiis
1459 2187 1527 2211 mo·

287 2235 417 2271 ralibus
454 2236 594 2272 Divinae
628 2238 804 2273 existentis
838 2240 990 2274 Naturae
1025 2245 1057 2275 et
1097 2241 1335 2276 Providentiae
1376 2240 1528 2276 Deorum

288 2301 462 2338 notionem
490 2303 635 2339 subinde
661 2303 882 2340 adhibuerint
909 2310 942 2341 et
970 2307 1108 2343 virtutis
1128 2311 1321 2343 constanter
1339 2319 1378 2342 ac
1397 2307 1529 2342 siucero

287 2370 423 2413 pectore
457 2368 620 2404 colendae
655 2368 893 2413 incitamenta,
928 2372 1100 2417 praesidia
1135 2376 1237 2419 atque
1262 2372 1422 2407 alimenta
1449 2372 1529 2407 inde

287 2432 522 2469 deduxerint?
547 2434 655 2481 Lugd,
690 2435 763 2472 Bat.
797 2438 897 2472 1824.
926 2440 958 2472 4.
986 2449 1061 2484 pag.
1091 2442 1146 2474 35.

338 2500 371 2544 2)
407 2499 489 2534 Post
521 2501 609 2545 Aug.
645 2500 810 2536 Boeckhii
845 2502 978 2548 Disput.
1007 2515 1034 2538 c.
1061 2508 1085 2539 t.
1114 2505 1289 2540 Philolaos
1316 2506 1376 2540 des
1402 2505 1526 2552 Pytha·

285 2573 421 2608 goreers
472 2564 627 2608 Lehren,
677 2565 774 2601 nebst
813 2567 879 2603 den
918 2569 1175 2606 Bruchstiicken
1216 2572 1324 2607 seines
1368 2572 1524 2615 werkes‚

286 2628 398 2664 Berol.
434 2631 535 2666 1820.
566 2633 596 2667 8.
626 2631 724 2677 hujus
752 2632 940 2680 fragmenta
958 2635 1165 2686 aplerisque
1181 2639 1331 2685 genuina
1347 2641 1524 2678 habentur.
