1938 3248
888 406 914 449 3

342 525 706 584 „Gardinalium”
739 528 923 573 nomine
955 526 1219 572 indicantur
1250 526 1308 571 ab
1330 525 1521 571 Ambro-

278 605 345 650 sio
363 604 465 665 (Ob.
485 622 523 650 a.
543 604 665 662 397),
683 606 731 650 in
748 606 1046 666 Expositione
1059 604 1232 663 Evang.
1247 620 1332 649 sec.
1348 603 1520 649 Lucam

278 683 353 727 lib.
388 683 432 728 V
462 681 485 742 ξ
518 686 574 728 62
621 681 746 741 (edit.
781 683 1182 728 Benedictinorum
1216 682 1523 742 congregatio-

278 762 348 806 nis
391 760 433 806 S.
477 760 625 806 Mauri
668 778 706 806 a.
752 763 895 818 1686,
933 769 1043 806 tom.
1078 760 1100 806 I
1131 777 1174 821 p.
1215 762 1334 805 1370
1367 760 1408 819 r)
1442 759 1521 804 ubi

279 840 495 900 legimus:
521 839 683 897 „Nunc
706 840 912 886 dicamus
934 839 1323 901 quemadmodum
1344 840 1391 884 in
1414 855 1520 900 qua-

278 926 383 962 tuor
424 918 817 964 benedictionibus
859 920 919 963 sit
961 926 1063 963 octo
1108 919 1387 978 complexus.
1462 917 1523 962 Et

274 995 461 1056 'quidem
496 996 663 1041 scimus
696 997 889 1042 virtutes
914 1013 1010 1042 esse
1033 1004 1231 1056 quatuor
1253 996 1519 1051 cardinales,

279 1075 649 1134 temperantiam,
686 1075 938 1134 justitiam,
983 1075 1275 1135 prudentiam
1288 1110 1299 1132 ,
1343 1074 1520 1119 fortitu-

279 1153 471 1198 dinem.''
535 1153 668 1198 Patet
710 1154 817 1198 inde
859 1154 1154 1199 Ambrosium
1192 1170 1283 1198 non
1319 1154 1521 1213 primum

278 1231 417 1276 fuisse
451 1231 530 1290 qui
563 1247 615 1276 ea
647 1231 950 1292 appellatione
984 1247 1093 1277 usus
1126 1232 1207 1288 sit,
1241 1232 1371 1292 ponit
1399 1231 1521 1276 enim

279 1316 496 1368 tanquam
539 1316 768 1369 receptam
817 1307 872 1367 1).
949 1309 1096 1365 Quam
1141 1310 1520 1369 significationem

281 1388 349 1431 illi
392 1388 606 1432 tribuerit
644 1389 883 1447 episcopus
916 1389 955 1432 si
987 1390 1238 1447 quaeritur,
1272 1388 1522 1447 respondeo

283 1465 378 1510 veri
411 1465 698 1510 simillimum
730 1480 825 1510 esse
857 1480 963 1510 eum
995 1466 1075 1511 illo
1108 1466 1291 1511 nomine
1323 1465 1523 1510 indicare

281 1543 480 1588 voluisse
523 1542 646 1587 idem
691 1543 815 1601 quod
860 1542 1018 1588 Cicero
1050 1543 1108 1587 ad
1139 1542 1344 1586 Marcum
1375 1543 1524 1586 filium

282 1621 491 1665 enuntiat
522 1620 592 1665 his
625 1621 801 1666 verbis:
837 1637 1001 1678 „omne
1034 1620 1157 1680 quod
1185 1620 1427 1665 honestum
1458 1628 1527 1664 est

282 1698 330 1742 id
367 1705 563 1758 quatuor
600 1699 801 1759 partium
840 1699 987 1744 oritur
1025 1713 1085 1743 ex
1116 1697 1293 1757 aliqua’'
1327 1697 1403 1757 (de
1435 1695 1522 1742 Off.

282 1777 310 1818 1.
360 1776 381 1819 Ι
399 1812 410 1832 ,
460 1792 555 1835 cap.
608 1779 658 1831 5,
709 1774 732 1833 ξ
785 1775 861 1829 14)
903 1792 1042 1835 quam
1086 1776 1360 1819 sententiam
1403 1773 1523 1819 Cice-

282 1868 441 1898 ronem
483 1869 507 1898 e
552 1853 765 1910 Platone,
811 1853 997 1910 Stoicis,
1042 1852 1278 1913 Epicureis
1312 1852 1525 1897 sumsisse

282 1932 433 1975 minus
470 1939 679 1977 accurate
711 1933 890 1977 monuit
922 1931 1086 1977 Petrus
1119 1929 1363 1987 Gassendi‚
1400 1930 1523 1990 Epic.

284 2010 469 2055 Ethicae
511 2017 620 2055 tom.
664 2010 709 2055 II
750 2027 792 2071 p.
842 2013 942 2056 136.
1008 2010 1258 2069 Descripsit
1300 2025 1353 2053 ea
1386 2009 1526 2054 verba

283 2088 573 2144 Ambrosius,
618 2088 675 2133 de
719 2087 805 2133 Off.
849 2087 958 2133 Min.
1004 2088 1033 2132 1.
1078 2086 1227 2147 Icap.
1263 2089 1322 2131 24
1353 2084 1377 2144 ξ
1413 2088 1523 2130 116:

283 2167 371 2223 „ab
405 2166 475 2210 his
508 2173 705 2226 quatuor
731 2166 982 2212 virtutibus
1002 2171 1252 2210 nascuntur
1273 2165 1523 2208 officiorum

281 2244 482 2304 genera.’'
553 2243 711 2289 Presse
754 2244 833 2289 ille
875 2243 1082 2303 sequitur
1122 2243 1170 2287 in
1214 2243 1308 2288 suis
1356 2240 1525 2287 Officiis

337 2453 369 2497 l)
404 2449 498 2487 Alibi
524 2463 580 2487 eas
607 2450 693 2487 dicit
720 2453 890 2499 „quatuor
917 2449 1081 2487 virtutes’'
1107 2449 1167 2498 (de
1193 2450 1260 2487 Off.
1287 2450 1374 2488 Min.
1402 2451 1462 2488 lib.
1490 2452 1526 2492 Ι.

283 2531 357 2565 cap.
394 2521 460 2560 24,
494 2520 508 2564 §
547 2520 635 2560 115,
674 2520 763 2561 116,
794 2518 851 2554 ed.
877 2517 1031 2559 Gilbert,
1059 2517 1153 2564 Lips.
1184 2519 1310 2563 1839),
1338 2518 1527 2562 „virtutum

283 2597 406 2629 genera
425 2583 645 2631 principalia’'
662 2584 762 2630 (ibid.
781 2584 837 2620 lib.
858 2583 895 2627 Ι,
913 2596 943 2621 c.
963 2585 1060 2630 50,§
1080 2584 1182 2632 252);
1203 2584 1326 2630 „initia
1347 2583 1531 2619 virtutum’'

251 2675 253 2677 »
284 2650 342 2695 (de
369 2649 488 2685 l’arad.
516 2661 589 2695 cap,
618 2652 657 2692 3,
685 2650 738 2686 ed.
766 2649 945 2686 Maurinae
971 2652 1043 2685 tom
1069 2649 1104 2691 1,
1133 2661 1165 2695 p.
1197 2649 1316 2694 1507).
