1938 3248
843 360 897 404 15

244 481 443 542 partium
476 482 661 527 virtutis
694 480 942 526 admodum
975 481 1131 526 variat.
1178 479 1244 527 Cf.
1265 482 1399 527 Polit.
1420 480 1517 542 IV·

243 576 285 619 p.
305 562 394 605 433
414 560 449 604 Β
469 567 644 617 (σωφροσ.
662 566 848 618 ἀνδρεία,
868 569 1030 617 φρόνησ.
1048 566 1253 617 duacum),
1273 576 1315 620 p.
1331 562 1418 604 441
1435 560 1485 615 B,

243 639 333 681 442
379 638 419 682 D
469 644 654 695 (δικαιοσ.
686 644 878 696 ἀνδρεία,
911 646 1055 696 σοφία,
1088 644 1300 697 σωφροσ.),
1344 637 1409 682 VI
1442 653 1483 697 p.

247 717 335 759 504
369 716 411 759 A
446 721 718 774 (δικαιοσύνη,
749 738 914 775 σωφροσ.
943 723 1135 776 ἀνδρεία,
1167 724 1315 775 σοφία).
1383 715 1486 761 Una

245 793 320 836 vel
365 794 517 852 plures
559 796 791 839 nonnullis
833 796 943 839 locis
978 797 1257 839 omittuntur
1289 810 1484 853 quarum

245 885 437 915 vacuam
481 871 633 916 sedem
674 872 865 918 subinde
891 874 1004 918 aliae
1037 880 1262 933 occupant
1295 876 1485 929 (μεγαλα-

246 954 415 1004 πρέπεια
428 986 439 1004 ,
472 954 761 1008 ἐλευθεριότης).
805 950 1048 995 Declarant
1064 950 1175 1010 quid
1193 951 1332 996 veliln
1350 949 1482 994 polit.

246 1024 313 1070 III
355 1042 397 1086 p.
444 1028 531 1072 395
573 1026 630 1084 C,
676 1031 764 1073 402
811 1027 867 1084 C,
912 1029 976 1074 VI
1009 1045 1051 1089 p.
1082 1031 1171 1074 487
1200 1029 1265 1084 A,
1299 1030 1388 1074 491
1424 1029 1484 1083 Β,

250 1105 336 1148 506
376 1104 442 1160 D,
486 1105 597 1151 VIII
640 1123 681 1166 p.
725 1109 811 1151 536
852 1107 918 1162 A,
963 1106 1029 1151 IX
1060 1122 1102 1166 p.
1140 1108 1226 1150 591
1258 1105 1319 1162 Β,
1364 1106 1407 1151 Χ
1441 1122 1483 1166 p.

250 1183 335 1226 621
372 1180 406 1227 C
443 1183 498 1241 1).
534 1183 737 1229 Eandem
755 1185 1107 1229 inconstantiam
1125 1185 1362 1228 observare
1379 1185 1486 1228 licet

247 1261 294 1304 in
327 1276 461 1320 opere
495 1260 550 1306 de
584 1261 792 1322 Legibus.
843 1262 1017 1307 Auctor
1049 1263 1196 1307 utitur
1228 1262 1487 1322 quadripar-

246 1340 331 1383 tita
358 1340 536 1383 honesti
564 1340 787 1384 divisione
823 1340 881 1398 2).
948 1341 1043 1384 Lib.
1078 1340 1099 1383 Ι
1133 1356 1174 1399 p.
1217 1343 1301 1384 631
1344 1340 1488 1384 A--E

250 1551 432 1598 prehendit
459 1551 803 1588 Schleiermacherus.
855 1552 939 1599 (Der
971 1552 1084 1597 Stant,
1107 1552 1216 1588 Berol.
1237 1553 1348 1592 1862,
1368 1564 1400 1599 p.
1424 1553 1492 1597 19).

250 1617 346 1652 Idem
375 1617 494 1652 eadem
525 1617 652 1664 pagina
678 1622 795 1652 monet
821 1629 890 1653 non
917 1618 1000 1652 satis
1026 1617 1277 1653 demonstrasse
1296 1617 1493 1657 Platonem,

251 1682 353 1724 „dass
394 1682 451 1716 die
487 1682 740 1717 Besonnenheit
775 1682 836 1717 der
871 1682 1127 1728 Gereehtigkeit
1153 1682 1239 1717 auch
1266 1694 1309 1716 an
1342 1681 1411 1716 und
1440 1681 1494 1716 fiir

250 1747 323 1783 sich
368 1747 582 1793 vorangehen
624 1747 776 1789 miisse'’;
811 1747 895 1783 alibi
926 1752 1041 1784 monet
1067 1760 1136 1783 non
1167 1747 1255 1783 seria
1282 1750 1394 1783 mente
1419 1759 1494 1782 eam

250 1812 456 1848 divisionem
494 1824 514 1847 a
551 1812 761 1859 philosopho
801 1814 1077 1849 commendatam
1118 1825 1201 1849 esse.
1259 1812 1326 1848 Sed
1366 1811 1495 1848 arctius

251 1878 410 1914 cohaeret
446 1890 524 1915 cum
563 1878 720 1915 doctrina
757 1879 830 1925 ejus
865 1878 1025 1926 physica,
1063 1891 1167 1926 quam
1201 1883 1239 1914 ut
1270 1878 1318 1913 ita
1343 1882 1496 1913 statuere

252 1943 352 1979 nobis
378 1943 489 1979 liceat.

307 2011 340 2056 l)
384 2009 712 2045 Luculentissimum
756 2010 956 2056 exemplum
997 2010 1090 2057 quod
1126 2022 1144 2045 e
1187 2009 1309 2046 ceteris
1347 2008 1495 2054 dialogis

253 2074 387 2110 laudari
433 2078 565 2121 potest,
608 2078 717 2110 exstat
752 2075 788 2111 in
824 2075 991 2118 Menone,
1026 2087 1060 2122 p.
1093 2078 1136 2111 88
1165 2077 1196 2110 A
1232 2079 1434 2124 Σωφροσύνην
1463 2090 1495 2111 τι

253 2145 357 2183 καλεῖς
381 2143 434 2177 καὶ
460 2143 662 2181 δικαιοσύνην
692 2145 745 2178 καὶ
770 2143 920 2190 ἀνδρείαν
946 2144 1000 2177 καὶ
1027 2145 1192 2189 εὐμάθειαν
1218 2143 1271 2177 καὶ
1296 2146 1422 2189 μνήμην
1441 2142 1494 2175 καὶ

252 2208 522 2255 μεγαλοπρέπειαν
550 2209 602 2242 καὶ
629 2211 736 2243 πάντα
759 2208 800 2243 τὰ
825 2213 979 2252 τοιαῦτ-ας

304 2272 341 2320 2)
367 2271 487 2319 Specie
512 2274 563 2306 est
588 2270 706 2306 eadem
726 2270 861 2306 virtutis
879 2270 1003 2307 divisio
1022 2282 1110 2318 quae
1127 2271 1163 2306 in
1181 2270 1310 2306 Politia
1327 2270 1497 2306 occurrit:

254 2349 322 2373 non
349 2337 512 2373 differunt
539 2335 696 2382 nomina,
723 2335 784 2371 sed
809 2335 1024 2382 singularum
1047 2335 1182 2372 indoles
1208 2335 1312 2383 longe
1338 2335 1406 2371 alia
1434 2339 1496 2372 est.

258 2403 301 2439 Ut
336 2403 437 2438 verbo
472 2403 604 2444 dicam,
636 2402 852 2448 expiicantur
877 2402 926 2437 ibi
952 2403 1022 2438 fere
1051 2414 1092 2437 eo
1118 2413 1221 2437 sensu
1244 2413 1313 2449 quo
1332 2413 1498 2437 vsermone

257 2469 343 2504 vitae
368 2468 560 2504 communis
588 2467 843 2514 intelliguntur.
886 2471 1032 2517 φρόνησις
1058 2479 1089 2503 v.
1117 2479 1164 2508 c..
1192 2467 1367 2515 quomodo
1394 2466 1498 2512 vulgo

256 2535 290 2569 in
321 2546 424 2580 opere
450 2534 494 2569 de
523 2534 627 2580 Legg.
658 2533 767 2580 prima
795 2533 901 2569 virtus
927 2533 1064 2575 dicitur,
1093 2532 1150 2568 ubi
1177 2533 1387 2579 conjunctim
1416 2544 1497 2567 enu-

257 2603 430 2635 merantur
467 2603 615 2649 quatuor
645 2599 828 2647 primariae
852 2599 1014 2643 virtutes,
1038 2599 1158 2646 (Legg.
1187 2599 1202 2634 Ι
1230 2612 1263 2646 p.
1293 2601 1383 2641 630,
1410 2598 1439 2634 V
1466 2611 1499 2646 p.
