1938 3248
1038 334 1096 379 64

442 474 522 502 nos
572 457 763 512 docent,
815 462 859 500 et
908 471 1016 500 vero
1062 456 1129 500 illi
1181 456 1258 500 ubi
1309 454 1510 501 diversas
1555 456 1689 501 diale-

440 544 536 579 ctos
580 536 774 579 miscuit.
822 534 923 578 Vid.
966 550 1001 578 e.
1051 550 1092 592 g.
1143 534 1275 577 Polit.
1317 533 1360 577 ΙΙ
1405 550 1446 593 p.
1498 536 1586 578 365
1620 535 1686 578 E:

440 619 630 673 εὐχωλαῖς
678 621 865 670 ἀγανῇσι.
940 609 1153 657 Ceterum
1216 612 1344 671 sequi
1398 612 1531 656 liceat
1584 612 1686 657 illos

439 692 636 736 editores
685 693 763 749 qui
814 692 971 734 favent
1014 691 1198 734 lectioni
1247 696 1358 746 λείη,
1381 690 1597 748 quoniam
1629 706 1686 735 ex

439 771 602 825 altera,
631 774 771 826 ὀλίγη,
799 769 914 813 mira
946 769 1093 812 oritur
1110 768 1374 828 tautologia.
1398 768 1442 826 1)
1460 767 1590 813 Hanc
1613 768 1685 813 de-

437 847 621 893 fendere
655 855 843 892 conatus
877 854 946 891 est
978 846 1033 890 V.
1069 846 1197 890 Doct.
1233 846 1282 890 B.
1302 846 1354 890 A.
1388 846 1561 891 Nauta:
1596 847 1684 891 An-

438 933 530 972 not.
577 927 624 970 in
663 926 710 970 L.
749 926 864 970 Ann.
900 923 1093 968 Senecae
1126 924 1296 968 librum
1330 923 1387 968 de
1420 924 1601 970 Provid.
1636 925 1682 970 L.

438 1006 487 1049 B.
527 1007 657 1050 1828.
694 1006 734 1048 8.
769 1020 810 1062 p.
831 1005 888 1047 85
908 1038 918 1058 ,
939 1003 1132 1046 conferri
1149 1002 1315 1060 jubens
1335 1001 1497 1062 Odyss.
1513 1015 1550 1051 Ω
1565 1041 1576 1058 ,
1595 1007 1682 1049 227

437 1083 537 1127 coll.
572 1098 677 1126 cum
712 1079 851 1125 Cicer.
887 1079 944 1124 de
979 1079 1150 1125 Senect.
1187 1095 1280 1138 cap.
1321 1081 1388 1124 15.
1456 1080 1587 1127 Certe
1611 1099 1683 1128 ne-

438 1176 513 1204 mo
546 1159 603 1204 ob
637 1160 789 1203 locum
826 1156 1054 1202 Ciceronis
1087 1158 1283 1202 tentabit
1317 1159 1454 1204 verba
1470 1159 1681 1217 Homeri,

436 1238 516 1282 sed
556 1253 648 1282 non
687 1236 883 1281 attendit
926 1235 981 1279 V.
1018 1235 1070 1279 D.
1103 1236 1346 1280 lectionem
1379 1238 1538 1281 multis
1571 1239 1682 1282 locis

435 1314 616 1360 obviam
652 1320 773 1358 certo
796 1313 964 1358 certius
997 1328 1089 1357 non
1123 1320 1268 1358 ortam
1303 1330 1396 1359 esse
1426 1331 1449 1359 e
1480 1320 1679 1372 σφάλματι

433 1405 680 1451 μνημονικῴ.

499 1472 632 1516 polit.
668 1471 711 1516 Π
744 1487 786 1531 p.
823 1472 910 1515 365
953 1470 1001 1515 Ε.
1060 1480 1112 1515 Εἰ
1142 1477 1183 1515 δὲ
1217 1479 1288 1516 esci
1326 1494 1363 1517 τε
1382 1481 1449 1517 καὶ
1467 1477 1679 1529 ἐπιμέλον-

433 1573 517 1601 ται,
545 1557 616 1595 οὐκ
645 1554 811 1597 ἄλλοθέν
841 1570 898 1593 τοι
931 1556 1074 1600 αὐτούς
1105 1556 1214 1605 ἴσμεν
1250 1561 1272 1605 ἦ
1300 1557 1548 1606 ἀκηκόαμεν,
1580 1561 1604 1606 ἤ
1635 1558 1677 1595 ἔκ

435 1651 473 1674 τε
506 1638 584 1674 τῶν
611 1634 737 1682 λόγων
775 1637 840 1672 καὶ
872 1637 949 1672 τῶν
981 1633 1358 1684 γενεαλογησάντων
1396 1639 1587 1684 ποιητῶν.

495 1706 583 1750 Pro
613 1710 739 1760 λόγων
765 1705 968 1764 suspicor
991 1704 1303 1764 reponendum
1323 1721 1418 1751 esse
1434 1711 1674 1762 μυθολόγων.

431 1784 496 1829 Cf.
520 1784 654 1828 polit.
684 1784 750 1826 ῙῙῙ
774 1799 814 1841 p.
835 1785 936 1826 392.
961 1784 1009 1826 D.
1032 1792 1103 1827 ὅσα
1120 1793 1195 1827 ὑπὸ
1211 1790 1435 1839 μυθολόγων
1454 1798 1477 1840 η’“
1498 1795 1674 1842 ποιητῶν

431 1867 618 1916 Myrtea:
671 1860 774 1905 ibid.
826 1877 867 1919 p.
925 1862 1012 1905 392
1067 1862 1105 1905 A
1147 1862 1303 1922 jungit
1347 1864 1505 1910 eodem
1541 1881 1675 1911 sensu

431 1948 596 1996 ποιητὰς
628 1948 693 1983 καὶ
726 1944 973 1993 λογοποιούς.
1034 1938 1099 1982 De
1140 1940 1351 1984 universo
1385 1943 1578 1987 istorum
1604 1960 1675 1988 VO-

428 2017 694 2062 cabulorum
749 2032 913 2075 genere
968 2026 1281 2075 exposuerunt
1336 2019 1564 2078 Wyttenb.
1617 2023 1673 2066 ad

427 2094 591 2140 Phaed.
627 2111 668 2155 p.
703 2096 788 2139 127
802 2113 810 2148 ;
836 2092 1049 2148 Creuzer,
1068 2094 1141 2139 die
1160 2095 1261 2140 hist.
1283 2095 1437 2143 Kunst
1453 2097 1535 2143 der
1551 2097 1673 2145 Grie'-

426 2174 538 2217 chen
589 2173 669 2217 Ed.
704 2173 830 2232 prior
878 2189 917 2231 p.
959 2175 1011 2216 17
1019 2175 1068 2225 7;
1108 2173 1272 2229 Baehr,
1308 2173 1481 2220 Ctesiae
1521 2176 1672 2224 Cnidii

426 2250 628 2311 Operum
664 2250 806 2309 Reliq.
843 2250 1045 2295 Francos.
1081 2250 1137 2295 ad
1172 2251 1230 2296 M.
1270 2255 1410 2309 1824,
1447 2260 1485 2299 8.
1517 2271 1558 2313 p.
1579 2259 1669 2310 84.;

426 2328 477 2375 G.
513 2329 805 2389 Bernhardy,
840 2327 1038 2375 Grundr.
1075 2330 1117 2375 d.
1153 2328 1329 2376 Griech.
1366 2332 1499 2378 Liter.
1535 2333 1590 2378 ed
1611 2336 1671 2378 2διο

424 2425 460 2452 a.
506 2410 647 2464 1852,
681 2415 790 2452 tom.
825 2409 845 2451 I
879 2424 1008 2468 pagg.
1047 2411 1128 2464 59,
1165 2411 1235 2453 67.

478 2580 511 2623 1)
540 2583 613 2618 Λείη
643 2582 716 2620 ὁδός
740 2585 791 2617 est
816 2582 868 2616 via
894 2581 997 2628 plana
1025 2583 1046 2618 i.
1074 2594 1101 2617 e.
1133 2583 1359 2626 vehicularia,
1391 2589 1407 2624 ἡ
1438 2589 1600 2634 ἁμαξιτὸς·
