1938 3248
884 377 941 422 37

291 509 340 555 τῇ
381 504 448 544 διὰ
491 509 556 554 τῆς
600 504 782 551 παιδείας
829 505 1040 555 γεγονυίᾳ,
1084 498 1164 543 illa
1204 507 1304 545 ἄνευ
1346 502 1530 548 παιδείας

291 576 529 632 instinctu,
564 577 764 621 naturali
799 584 928 621 motu
955 577 1122 621 existit.

353 654 404 699 In
428 654 577 700 verbis
603 663 690 700 οὔτε
712 670 819 700 πάνυ
841 663 1005 711 νόμιμον
1026 665 1199 711 ἡγεῖσθαι
1222 653 1531 699 observandus

291 738 360 776 est
390 732 515 776 litotes
546 748 579 775 s.
614 732 876 778 extenuatio
913 730 978 789 (οὐ
1016 742 1124 778 πάνυ
1161 731 1359 788 νόμιμον).
1425 730 1531 774 Non

290 810 409 854 enim
427 809 544 854 illud
561 815 605 854 οὐ
627 820 733 855 πάνυ
754 816 822 854 est
836 810 1149 855 imminuentis
1166 826 1245 855 seu
1264 809 1529 863 dubitantis,

289 886 370 931 sed
401 885 720 946 explicandum
753 902 812 931 ex
838 885 1095 931 urbanitate
1129 887 1392 933 Atticorum
1405 921 1416 942 ‚
1451 886 1530 944 qui

289 965 475 1009 duriora
505 964 644 1009 verba
675 965 844 1010 evitare
877 964 1133 1009 studebant.
1183 964 1440 1024 Usurpatur
1472 964 1529 1008 ab

290 1044 344 1088 iis
392 1058 523 1104 saepe
567 1050 612 1089 οὐ
643 1053 763 1099 πάνυ,
807 1041 886 1087 ubi
931 1058 1013 1088 nos
1051 1042 1211 1088 Latine
1245 1042 1528 1087 diceremus:

292 1137 413 1177 „non
429 1137 536 1165 sane
549 1122 583 1177 ‚'’
602 1122 676 1165 vel
693 1121 838 1165 simile
855 1120 978 1179 quid.
1013 1120 1185 1165 Eadem
1202 1120 1530 1180 significatione

289 1200 485 1244 occurrit
526 1198 732 1243 Phaedro
774 1215 816 1258 p.
863 1200 963 1244 228.
996 1198 1061 1243 E:
1104 1205 1149 1244 οὐ
1180 1208 1288 1244 πάνυ
1318 1203 1526 1250 δέδοκται,

291 1279 344 1322 ef.
372 1293 414 1337 p.
447 1278 533 1321 229
564 1274 621 1332 C,
651 1274 819 1321 Criton.
849 1292 891 1336 p.
922 1278 980 1321 48
1010 1277 1075 1321 A:
1105 1283 1150 1322 οὐ
1172 1286 1279 1322 πάνυ
1299 1287 1392 1332 ἡμῖν
1415 1285 1529 1325 τοῦτο

289 1361 571 1413 φροντιστέον,
621 1354 754 1398 polit.
803 1354 869 1403 VI
917 1370 958 1413 p.
1011 1356 1096 1399 501
1137 1360 1182 1399 οὐ
1222 1364 1329 1399 πάνυ
1368 1358 1528 1410 ῥαδιον,

290 1432 423 1479 Polit.
451 1431 517 1476 IV
544 1447 587 1491 p.
617 1433 706 1476 435
735 1430 769 1476 C
798 1437 843 1476 οὐ
863 1440 972 1477 πάνυ
990 1452 1056 1488 μοι
1078 1436 1282 1486 δοκοῦμεν.
1316 1430 1531 1489 Ejusdem

289 1510 468 1568 generis
495 1515 603 1553 sunt
634 1515 725 1560 ἴσως
755 1506 863 1566 (Gfr.
893 1507 944 1554 G.
973 1508 1030 1553 H.
1062 1507 1273 1554 Schaefer
1301 1507 1359 1555 ad
1389 1507 1533 1566 Longi

290 1585 564 1642 Pastoralia,
603 1584 723 1645 Lips.
767 1587 908 1642 1803,
953 1602 994 1646 p.
1031 1586 1119 1630 357
1134 1621 1144 1641 ‚
1182 1585 1237 1630 A.
1275 1583 1533 1632 Gronovius

291 1662 348 1707 ad
386 1663 562 1708 Aelian.
602 1662 707 1707 Var.
742 1662 860 1708 Hist.
894 1663 960 1709 XI
989 1681 998 1707 :
1029 1665 1055 1709 8
1091 1662 1160 1708 ed.
1196 1662 1340 1722 Lugd.
1374 1662 1531 1708 Batav.

296 1738 457 1797 1731),
494 1750 592 1793 πού,
622 1745 749 1796 πολλὴ
780 1747 938 1798 ἀνάγκη
969 1740 1072 1800 (pro
1104 1750 1213 1786 πᾶσα
1248 1747 1443 1796 ἀνάγκη),
1481 1747 1534 1791 ὥς

293 1826 396 1863 ὲόικε
449 1816 590 1877 (quod
637 1834 721 1877 pro
766 1827 818 1870 ὠς
847 1824 997 1877 ἀληθῶς
1041 1817 1233 1865 subinde
1273 1819 1321 1863 in
1352 1824 1534 1868 textum

293 1895 475 1954 irrepsit
517 1893 640 1953 (Vid.
684 1894 726 1940 J.
771 1895 825 1940 D.
869 1911 912 1943 v.
957 1895 1164 1954 Lennep,
1214 1894 1271 1939 ad
1304 1894 1532 1939 Phalarid.

295 1971 363 2016 ed.
420 1969 676 2031 Groningae
734 1974 788 2017 17
795 1974 819 2016 7
826 1974 875 2029 7,
919 1988 961 2032 p.
1008 1971 1140 2030 316),
1187 1977 1325 2031 σχεδόν
1378 1970 1532 2032 (Soph.

295 2049 504 2095 Trachin.
533 2051 591 2095 43
624 2055 762 2109 σχεδόν
789 2055 825 2096 δ’
847 2058 1063 2108 ἐπίσταμαί
1084 2073 1122 2096 τι
1143 2057 1238 2107 πῆμ’
1261 2057 1406 2110 ἔχοντά
1427 2059 1509 2105 νιν)
1521 2087 1532 2104 ,

295 2142 408 2186 quae
440 2128 592 2178 omnia
623 2128 801 2187 saepius
833 2129 881 2172 in
914 2144 962 2173 re
997 2136 1120 2180 certa
1151 2128 1376 2173 dicuntur.
