1938 3248
836 366 892 410 89

304 488 507 535 Socrates
537 505 641 534 cum
669 488 876 534 irrisione
906 489 1157 534 orationem
1186 505 1314 534 suam
1342 490 1407 534 ita
1425 490 1486 534 in·

241 570 362 628 cipit.
430 570 587 614 Solent
615 569 876 627 saepissime
904 574 1063 627 poetae
1098 576 1200 626 post
1235 568 1486 613 Homerum

240 654 286 691 et-
319 646 571 692 Hesiodum
605 643 662 705 (Β)
696 644 853 690 Musae
882 652 965 690 aut
993 644 1226 690 Musarum
1260 663 1389 706 opem
1409 648 1486 692 im-

239 726 417 783 plorare
462 725 663 767 carmina
705 724 1011 781 auspicantes,
1057 725 1186 782 quasi
1230 726 1315 768 nisi
1350 741 1376 768 a
1409 741 1486 769 nu-

240 803 360 848 mine
404 803 560 847 divino
605 801 753 846 edocti
777 789 851 845 vea
894 802 1008 846 scire
1042 818 1133 846 non
1167 812 1371 862 possunt.
1418 804 1486 849 Se-

239 882 333 925 cuti
378 888 485 925 sunt
529 896 605 924 eos
639 895 798 940 prosae
831 881 1051 924 orationis
1085 882 1337 942 scriptores.
1382 883 1483 927 Vid.

239 977 273 1003 e.
322 977 363 1019 g.
414 960 626 1015 Aristid.,
668 960 721 1003 In
764 958 929 1003 Jovem
972 958 1074 1017 (Op.
1121 967 1152 1002 t.
1199 960 1242 1004 II
1277 977 1318 1019 p.
1356 964 1380 1005 2
1416 962 1482 1006 ed.

238 1037 488 1092 Dind01·f.):
550 1041 644 1082 Εἶεν
690 1042 762 1091 δή,
805 1046 966 1081 Μοῦσαι
1016 1046 1110 1089 Διὸς
1142 1044 1304 1091 παῖδες,
1336 1046 1379 1084 οὐ
1410 1049 1483 1095 γὰρ

239 1123 359 1170 ἔγωγε
393 1125 469 1172 ὁρῶ
495 1125 588 1160 πότε
617 1126 668 1160 ὰμ
702 1136 760 1165 τις
782 1122 879 1170 ὑμᾶς
895 1125 1061 1170 ἄμεινον
1080 1120 1307 1167 καλέσειευς
1338 1116 1479 1170 Plato,

237 1193 370 1237 Pollt.
418 1193 525 1237 VIII
566 1209 607 1251 p.
645 1194 732 1236 545
769 1191 834 1235 D:
868 1205 892 1247 η’
921 1197 1080 1250 βούλει,
1113 1199 1242 1250 ὥσπερ
1272 1200 1448 1250 (Όμηρος
1470 1232 1478 1248 ,

239 1278 433 1330 εὐχώμεθα
464 1282 551 1323 ταῖς
584 1279 768 1322 Μούσαις
800 1291 879 1314 κτε.
986 1267 989 1271 ’

301 1350 487 1395 phaedr.
533 1367 573 1410 p.
622 1352 708 1394 251
746 1350 792 1393 B.
818 1384 827 1393 .
853 1385 861 1393 .
888 1385 896 1393 .
944 1357 1153 1405 δεξάμενος
1178 1360 1251 1406 γὰρ
1282 1364 1347 1396 τοῦ
1383 1357 1480 1396 κάλ-

237 1434 329 1480 λους
357 1439 428 1486 τὴν
458 1436 657 1485 ἀπορροὴν
690 1433 755 1472 διὰ
791 1438 869 1472 τῶν
905 1434 1102 1483 ὀμμάτων.

300 1507 429 1550 Plato
489 1507 634 1550 multa
684 1506 908 1564 expressit
955 1520 1012 1549 ex
1055 1507 1155 1549 aliis
1189 1507 1480 1562 auctoribus,

236 1586 434 1629 Homero
477 1584 721 1645 imprimis,
767 1583 847 1628 sed
886 1584 1020 1643 plura
1054 1600 1112 1628 ex
1146 1585 1242 1643 ipso
1276 1602 1302 1629 a
1335 1593 1479 1645 poste⁴

237 1664 454 1720 rioribus,
499 1663 644 1708 Dione
695 1662 1045 1722 Ghrysostoan,
1081 1662 1282 1707 Maximo
1317 1663 1480 1723 Tyrio,

234 1742 505 1797 ThemistiO,
547 1741 758 1801 SynesiO,
814 1741 914 1784 aliis
958 1757 1171 1800 expressa
1220 1749 1338 1786 sunt.
1407 1743 1481 1786 Ad

235 1821 383 1865 locum
429 1836 566 1880 supra
608 1820 859 1864 indicatum
903 1819 1059 1864 Stallb.
1101 1820 1296 1865 contulit
1325 1821 1479 1880 Eurip.

237 1898 417 1958 Hippol.
446 1891 560 1953 2528,
590 1898 724 1957 Soph.
750 1898 905 1957 Antig.
930 1900 1040 1951 795,
1061 1899 1184 1957 Ajac.
1209 1901 1319 1954 140,
1342 1900 1480 1953 1266,

235 1978 396 2022 Aesch.
430 1979 591 2037 Agam.
627 1980 741 2032 419,
776 1978 1000 2033 Aristaen.
1036 1978 1177 2037 Epist.
1213 1977 1278 2021 II:
1321 1980 1388 2021 18.
1414 1977 1481 2021 ed.

236 2056 437 2102 Boisson.
504 2056 635 2101 Adde
692 2054 877 2115 Gregor.
929 2056 1135 2102 Nazianz.
1181 2055 1306 2102 Orat.
1353 2056 1395 2101 X
1440 2074 1481 2116 p.

238 2138 325 2181 283
372 2136 419 2180 B.
456 2136 524 2180 ed.
567 2136 686 2180 Frid.
717 2123 924 2180 *Morelliz
961 2134 1147 2180 Generis
1187 2136 1403 2195 splendor
1436 2137 1483 2179 in

236 2230 287 2259 eo
322 2215 527 2259 consistit
561 2222 611 2259 ut
645 2215 846 2259 divinam
881 2215 1125 2274 imaginem
1160 2230 1482 2259 conservemus

236 2302 371 2351 atque
404 2294 638 2352 exemplar
671 2300 879 2337 nostrum
912 2302 1004 2338 ὅσον
1042 2303 1203 2349 ἐφικτὸν
1236 2305 1317 2344 τοῖ,ι
1340 2303 1483 2349 σαρκός

236 2377 433 2428 δεσμίοις,
475 2381 541 2417 καὶ
581 2379 774 2430 βραχείαν
809 2379 1009 2429 ἀπορροὴν
1048 2384 1114 2417 τοῦ
1150 2377 1273 2417 καλοῦ
1306 2377 1481 2430 δέχεσθαι

237 2458 491 2508 δυναμένοις.

299 2530 487 2574 Phaedr.
537 2547 579 2589 p.
627 2532 726 2575 253.
777 2529 911 2574 Multi
954 2530 1200 2574 laudantur
1243 2533 1483 2591 scriptores

235 2610 315 2668 qui
348 2608 465 2653 hanc
498 2609 763 2668 allegoriam
795 2617 1118 2671 respexerunt,
1152 2610 1231 2654 sed
1255 2611 1484 2656 omittitur
