1938 3248
1018 371 1077 414 40

423 492 714 553 persuasione
747 491 804 537 ad
827 491 1109 538 honestatem
1133 493 1368 539 colendam
1392 495 1666 555 praeparati,

424 573 546 631 leges
601 586 682 615 sua
736 578 896 630 sponte
955 586 1136 615 servare
1196 578 1242 616 et
1289 572 1417 632 sequi
1465 573 1668 632 possint3

423 649 705 709 philosophis
749 650 968 708 praecipit
1011 648 1357 694 multitudinem
1401 665 1492 694 non
1535 651 1581 694 vi
1625 656 1671 695 et

426 727 729 772 contentionis
783 726 959 783 studio,
1015 726 1092 771 sed
1147 727 1303 772 amicis
1351 727 1593 773 admonitis
1626 734 1672 772 et

425 804 742 866 persuadendo
760 804 1091 852 conciliandam
1108 820 1204 850 esse
1216 805 1370 863 (Polit.
1384 805 1449 851 VI
1459 807 1604 867 p.-499
1620 805 1669 862 E,

430 887 518 929 520
552 882 619 941 E).
656 883 780 938 Quae
816 882 871 927 de
905 893 1134 942 σωφροσύνῃ
1169 883 1367 929 civitatis
1399 885 1521 930 dicta
1552 891 1672 939 sunt,

427 964 580 1007 valent
614 976 795 1020 quoque
829 961 885 1004 de
919 960 1076 1004 eadem
1109 961 1280 1006 virtute
1308 962 1450 1006 animi
1472 961 1671 1006 humani.

428 1040 546 1084 Tum
591 1039 750 1083 civitas
795 1046 896 1082 tum
939 1038 1135 1082 hominis
1180 1039 1358 1084 animus
1403 1039 1537 1085 debet
1579 1055 1674 1084 esse

430 1132 572 1162 unum
609 1123 654 1161 et
687 1122 849 1160 totum.
896 1115 1243 1170 Quodammodo
1267 1118 1461 1162 conferri
1479 1106 1675 1177 'possunt

429 1212 533 1240 cum
578 1194 804 1239 sententia
846 1193 1050 1237 Platonis
1094 1194 1233 1238 verba
1275 1195 1407 1239 Pauli
1438 1195 1673 1255 Apostoli,

430 1288 545 1332 quae
589 1273 809 1331 leguntur
852 1272 899 1315 in
944 1270 1025 1330 Ep.
1071 1271 1126 1315 ad
1175 1271 1304 1317 Rom.
1349 1272 1437 1317 XII
1485 1292 1493 1318 :
1539 1277 1572 1318 4>
1611 1289 1674 1332 sq,

432 1360 678 1408 καθάπεργάρ
727 1361 769 1396 ἐν
817 1357 878 1395 ἔνι
929 1359 1080 1406 σώματι
1123 1357 1223 1407 μέλη
1261 1357 1391 1397 πολλὰ
1426 1360 1587 1409 ἔχομεν,
1627 1361 1676 1396 τὰ

432 1436 474 1475 δὲ
513 1434 612 1486 μέλη
652 1438 785 1474 πάντα
825 1435 869 1472 οὐ
908 1439 979 1484 τὴν
1016 1435 1142 1485 αὐτὴν
1183 1436 1262 1488 ἔχει
1301 1436 1448 1486 πρᾶξιν
1487 1437 1608 1480 οὕτως
1639 1437 1678 1474 οἱ

434 1512 576 1553 πολλοὶ
616 1513 659 1550 ἓν
699 1514 807 1560 σῶμά
848 1514 960 1560 ἐσμεν
1001 1514 1042 1549 ἐν
1081 1516 1267 1562 Χριστῷ,
1312 1514 1358 1551 et
1389 1507 1478 1550 alia
1512 1506 1679 1550 Similia

433 1584 555 1645 apud
631 1582 828 1628 eundem
893 1582 1191 1642 Apostolum;
1257 1582 1417 1630 Oratio
1482 1583 1678 1629 Menenii

433 1663 685 1726 Agrippae,
730 1676 844 1720 quae
879 1668 1030 1706 exstat
1063 1661 1185 1721 apud
1220 1661 1425 1718 Livium,
1460 1661 1577 1706 Hist.
1612 1661 1680 1716 II,

436 1756 530 1800 cap.
566 1741 643 1794 32,
677 1754 759 1783 nec
793 1740 993 1782 multum
1015 1738 1195 1783 abludit
1218 1738 1476 1784 Stoicorum
1499 1740 1682 1783 virtutis

438 1818 665 1863 definitio:
701 1825 866 1870 διάθεσις
909 1824 1230 1875 ὁμολογουμένη,
1267 1815 1354 1862 Cfr.
1385 1816 1682 1876 Diog.Laert.

440 1895 550 1949 VII,
595 1895 617 1953 ξ
653 1898 735 1950 89,
785 1895 915 1939 Tusc.
960 1895 1084 1954 Disp.
1120 1894 1208 1948 IV,
1244 1910 1337 1954 cap.
1377 1896 1445 1938 15.
1500 1893 1574 1937 Ab
1606 1893 1685 1937 illa

438 1975 739 2033 temperantia
789 1973 845 2017 de
894 1989 985 2032 qua
1032 1974 1267 2032 hucusque
1316 1974 1514 2033 egimus,
1570 1987 1685 2030 quae

440 2064 684 2108 ffoemqomlvn
741 2069 767 2095 a
836 2051 1025 2095 Platone
1101 2051 1292 2106 dicitur,
1365 2048 1688 2109 distinguenda

441 2136 509 2175 est
553 2130 806 2173 communis
849 2130 1150 2187 temperantia
1193 2145 1226 2172 s.
1273 2135 1500 2185 ἐγκρατεία.
1564 2126 1688 2171 Haec

441 2213 595 2252 autem
641 2214 852 2263 ἐγκρατεία
899 2206 1068 2250 dicitur
1115 2221 1296 2265 quoque
1328 2214 1578 2262 σωφροσύνη,
1608 2204 1687 2248 ubi

444 2286 637 2345 scriptor
669 2284 907 2343 vulgarem
939 2283 1155 2344 loquendi
1187 2299 1362 2328 morem
1395 2284 1572 2328 retinet.
1622 2282 1689 2326 De

447 2474 490 2508 ad
518 2474 610 2518 leges
636 2473 820 2508 servandas
847 2473 1078 2519 compellendi
1104 2476 1194 2508 sunt.
1221 2472 1273 2507 Cf.
1299 2471 1337 2506 C.
1365 2470 1690 2517 Dilthey=1³lat0ni-

449 2550 567 2574 corum
595 2537 761 2573 librorum
789 2538 833 2573 de
859 2537 1011 2583 Legibus
1037 2549 1180 2573 examen
1192 2566 1200 2578 ,
1214 2536 1400 2582 Gottingae
1416 2537 1521 2575 1820.
1537 2538 1568 2571 4.
1584 2547 1617 2582 p.
1636 2538 1692 2576 50,

450 2609 484 2640 et
509 2618 537 2640 e.
563 2617 594 2650 g.
622 2605 730 2653 Legg.
757 2604 805 2639 IV
833 2615 867 2654 p.
896 2604 966 2639 718
994 2603 1022 2638 B
1048 2614 1121 2651 sqq.
