1938 3248
726 863 908 918 PARS
961 861 1375 919 POSTERIOR.

429 1054 765 1108 Annotationos
824 1054 884 1106 ad
938 1055 1058 1106 locos
1105 1054 1298 1107 selectos
1345 1055 1566 1115 Politiae,
1610 1055 1678 1107 '1⁸1-

564 1141 703 1200 maei‚
735 1141 995 1200 Theaeteti,
1027 1141 1244 1200 Phaedri,
1276 1141 1543 1193 Phaedoni&

494 1555 627 1599 Polit-
663 1556 682 1599 I
716 1572 757 1616 p.
793 1558 881 1600 327
917 1556 970 1600 A.
1005 1564 1196 1616 Κατέβην
1214 1565 1294 1615 χθὲς
1312 1566 1364 1608 ἐΐς
1381 1567 1572 1613 Πειραιᾶ,
1593 1566 1674 1601 κτὲ.

493 1633 665 1678 Omnes
710 1634 911 1679 Platonis
945 1634 1117 1694 dialogi
1152 1634 1396 1688 ordiuntur
1430 1651 1455 1677 a
1489 1635 1678 1678 fortuito

431 1712 627 1769 quodam
688 1728 805 1756 casu.
874 1712 1161 1772 Singularem
1222 1729 1380 1757 euram
1428 1713 1582 1772 posuit
1632 1714 1676 1756 in

432 1789 631 1834 exordiis
681 1790 918 1835 librorum.
986 1790 1200 1836 Solebant
1254 1798 1429 1836 veteres
1477 1790 1676 1835 multum

433 1883 595 1926 operae
630 1884 895 1913 consumere
929 1871 975 1914 in
1009 1870 1169 1928 primis
1193 1870 1466 1928 scriptorum
1490 1882 1677 1912 suorum

432 1944 592 1990 verbis.
658 1945 814 1991 Cicero
858 1946 1015 1992 scribit
1047 1947 1104 1991 ad
1139 1947 1346 1992 Atticum
1381 1960 1514 1990 suum
1550 1943 1678 2003 (XVI

432 2036 440 2061 ἰ
478 2022 546 2080 6):
583 2024 770 2080 „Habeo
807 2026 1017 2069 volumen
1051 2026 1398 2084 prooemiorum.
1445 2023 1516 2068 Ex
1534 2039 1587 2067 eo
1603 2024 1679 2068 eli-

431 2117 537 2162 gere
572 2102 693 2147 soleo
732 2119 874 2162 quum
910 2103 1097 2163 aliquod
1131 2113 1366 2160 σύγγραμμα
1396 2102 1612 2147 institui.”
1637 2102 1678 2147 A

431 2180 561 2239 Diog.
598 2179 792 2235 Laertio,
826 2180 868 2224 V
901 2179 924 2238 ξ
959 2184 1032 2236 48,
1067 2188 1348 2226 memoratur
1380 2180 1679 2240 Theophrasti

432 2259 548 2303 liber
597 2267 812 2314 προοιμίων
844 2266 889 2302 et
922 2259 1029 2303 ibid.
1065 2257 1087 2317 ξ
1123 2261 1180 2303 81
1217 2259 1437 2302 Demetrii
1472 2257 1679 2302 Phalerei

435 2345 643 2393 προοίμιον
676 2344 886 2393 ἱστορικόν.

496 2414 628 2458 Polit.
676 2414 695 2457 Ι
740 2430 780 2473 p.
825 2415 913 2457 328
960 2414 996 2457 Ε
1046 2424 1168 2459 Δοκεῖ
1200 2425 1273 2470 γάρ
1306 2436 1370 2470 μοι
1405 2426 1544 2471 χρῆναι
1582 2420 1676 2469 παρ>

435 2499 567 2538 αὐτῶν
585 2503 855 2542 πυνθανεσθάι,
874 2499 1001 2548 ὥσπερ
1020 2501 1111 2538 τινὰ
1127 2498 1219 2538 ὁδὸν
1238 2496 1573 2548 προεληλυθότων,
1595 2500 1674 2536 uri.

460 2644 466 2651 -
498 2578 807 2642 Componatur
825 2594 926 2625 eum
947 2578 1016 2623 his
1035 2577 1209 2623 dictum
1228 2576 1472 2622 Jamblichi
1487 2613 1496 2631 ‚
1520 2576 1575 2622 de
1594 2576 1676 2640 Py-
