1938 3248
984 320 1069 363 104

991 439 1061 479 ΙΙΙ.

460 578 558 617 Ibid.
605 581 645 617 in
691 579 848 618 verbis:
881 583 947 618 καὶ
980 585 1061 619 πᾶν
1091 584 1206 629 ἄγειν
1243 582 1526 633 ἀμφισβήτημα
1558 583 1653 631 πρὸς

406 651 582 694 ἐκείνους
613 651 867 701 corrigatur:
899 655 980 689 πᾶν
1016 651 1197 698 οἷναγαν.

1001 791 1065 830 IV.

463 932 663 971 Phaedon.
710 946 747 982 p.
793 932 844 970 85
876 934 921 970 A.
963 933 1259 971 rescribendum
1289 934 1471 972 videtur:
1503 934 1602 980 αὐτὴ
1632 938 1655 981 ἠ

410 1000 445 1038 τ’
485 1000 624 1051 ἀηδὼν
667 1004 732 1040 καὶ
779 1000 946 1055 χξλιδὼν
994 1004 1059 1040 καὶ
1099 1004 1120 1040 ό
1160 1002 1295 1053 ἔποψ,
1340 1003 1405 1048 οὓς
1455 1002 1500 1052 δή
1545 1015 1654 1053 φασι.

409 1071 540 1124 Vulgo
570 1071 722 1124 legitur
751 1085 822 1123 pro
852 1074 919 1118 οὖς
953 1075 1081 1111 neutr.
1113 1072 1215 1124 plur.
1245 1075 1283 1111 ἅ.

1014 1210 1059 1249 V.

466 1353 582 1403 Apud
614 1351 716 1397 Cic„
749 1353 795 1391 de
825 1353 979 1392 Seneet.
1011 1366 1093 1404 cap.
1126 1352 1217 1391 XVI
1238 1354 1259 1404 ξ
1282 1352 1345 1399 58,
1368 1365 1458 1392 cum
1479 1351 1522 1391 V.
1545 1351 1656 1392 Doct.

410 1423 549 1463 Nauck
577 1437 649 1474 pro
681 1428 800 1462 utrum
828 1424 1045 1476 legendum
1076 1427 1136 1462 est
1166 1428 1365 1475 utcumque.

1003 1564 1068 1604 VI.

469 1705 514 1742 In
558 1705 697 1743 Horat.
739 1705 811 1756 Ep.
858 1706 914 1750 II,
955 1706 974 1743 1
1016 1719 1053 1743 v.
1095 1705 1169 1744 58:
1212 1706 1385 1751 „dieitur
1414 1704 1582 1743 Plautus
1612 1703 1659 1742 ad

413 1773 617 1824 exemplar
648 1773 771 1812 Siculi
787 1786 998 1825 properare
1014 1774 1267 1826 Epicharmi'’
1285 1773 1452 1813 verbum
1461 1785 1661 1824 properare

414 1845 761 1895 interpretandum
796 1849 855 1883 est
883 1845 953 1883 cito
978 1859 1103 1894 fflressu
1127 1846 1228 1897 sequi
1244 1858 1273 1883 s.
1287 1858 1404 1895 prope
1419 1845 1584 1882 accedere
1599 1845 1659 1881 ad.

1003 1986 1087 2025 VII.

470 2125 629 2165 Horatii
663 2137 848 2164 vorsum:
892 2127 973 2166 Sat.
1013 2126 1076 2172 II,
1115 2127 1138 2164 2
1180 2137 1187 2163 :
1230 2125 1312 2164 29:
1346 2123 1499 2172 „Carne
1529 2128 1662 2163 tamen

415 2197 596 2247 quamvis
650 2196 772 2235 distat
824 2196 881 2235 nil
935 2197 1008 2236 hae
1060 2197 1189 2249 magis
1243 2195 1337 2235 illa’'
1393 2196 1426 2233 si
1470 2193 1663 2233 deleveris

417 2267 551 2306 omnia
580 2266 679 2306 bene
709 2266 940 2317 procedunt.

990 2358 1095 2399 VIII.

472 2486 642 2532 He1¹0d.‚
675 2485 712 2524 II
749 2498 832 2536 cap.
868 2484 964 2532 123,
998 2485 1128 2524 verbis
1163 2487 1200 2522 οἱ
1233 2486 1305 2534 μέν
1338 2486 1529 2534 πρότερον
1559 2485 1663 2521 -οί

420 2557 459 2595 δὲ
497 2558 659 2607 ’ὕστερον
692 2554 968 2609 significantur
999 2555 1160 2607 Orphici
1190 2558 1230 2594 et
1258 2554 1514 2608 Pythagorei.
