1938 3248
1021 347 1080 390 44

426 476 472 514 et
503 485 585 529 pro
618 470 698 514 illa
729 476 921 529 pugnat,
955 467 1202 529 prohibens
1222 483 1280 513 ne
1301 470 1436 513 tertia
1456 470 1672 528 grandior

423 548 504 593 fiat
547 555 592 594 et
635 548 892 605 robustior,
938 548 1002 593 ita
1045 554 1098 592 ut
1130 561 1212 592 suo
1245 545 1491 593 dumtaxat
1523 549 1669 594 officio

423 627 552 686 fungi
586 628 715 671 nolit.

487 705 689 765 Apparet
722 705 963 749 Platonem
995 704 1237 749 retinuisse
1252 704 1460 762 justitiae
1479 702 1669 750 definiti-

423 798 557 828 onem
580 782 828 829 Simonidis
843 799 852 827 :
870 791 914 828 τὸ
931 796 980 828 τὰ
994 786 1233 839 ὀφειλόμενα
1249 791 1401 840 ἑκάστῳ
1414 788 1670 839 ἀποδιδόναι,

423 860 577 918 (Polit.
613 862 634 906 I
655 877 698 922 p.
725 863 812 906 331
838 859 894 919 E)
917 876 1055 920 quam
1077 861 1316 905 transtulit
1337 860 1396 905 ad
1416 867 1510 906 tres
1531 861 1670 906 animi

423 939 611 984 humani
644 947 808 999 partes.
843 939 982 985 Recte
1016 939 1172 984 scribit
1204 938 1308 985 Chr.
1333 939 1452 999 Aug.
1476 938 1670 984 Brandis

366 1032 384 1045 *
398 1024 407 1037 ·“
422 1018 469 1062 in
486 1033 621 1078 opere
639 1033 675 1063 c.
694 1024 726 1062 t.
745 1016 1006 1062 Handbuch
1022 1016 1104 1062 der
1121 1015 1341 1064 Gn-Rtsm.
1362 1017 1668 1077 Philosophie‚

422 1103 529 1140 tom.
565 1095 609 1140 II
652 1112 693 1156 p.
728 1096 749 1140 I
782 1095 948 1154 (Berol.
988 1094 1126 1153 1844)
1158 1112 1259 1156 pag.
1296 1098 1409 1142 503:
1444 1095 1667 1156 Obgleieh

421 1173 584 1231 iedoch
627 1173 701 1220 die
735 1173 917 1221 iibliche
949 1173 1211 1234 Erklarung
1242 1174 1496 1220 verworfen
1528 1173 1666 1230 wird,

421 1253 485 1297 sie
518 1252 610 1309 [die
639 1251 997 1311 Gerechtigkeit]
1015 1251 1201 1296 bestehe
1218 1251 1350 1296 darin
1363 1286 1373 1306 ‚
1392 1251 1474 1297 das
1491 1251 1670 1311 Seinige

421 1347 475 1374 zu
503 1330 622 1374 thun
655 1330 751 1374 und
774 1329 1021 1389 jeglichem
1044 1329 1125 1373 das
1147 1328 1327 1388 Seinige
1349 1346 1405 1374 zu
1425 1329 1595 1396 geben,
1619 1346 1669 1374 so

420 1408 673 1453 veranlasst
714 1407 838 1453 diese
881 1408 962 1452 ihn
987 1407 1157 1466 jedoch
1189 1407 1263 1452 die
1294 1407 1376 1453 der
1407 1407 1539 1453 (latin
1572 1423 1669 1455 aus-

381 1544 386 1549 ·
418 1486 756 1545 gesprochenen
789 1486 1100 1531 auszerlichen
1131 1484 1540 1546 Handlungsweise
1573 1494 1667 1534 ent-

421 1564 699 1623 sprechende
753 1565 911 1609 innere
970 1563 1307 1609 Bestimmtheit
1366 1579 1422 1608 zu
1482 1564 1665 1610 suchen.

421 1639 560 1701 Saepe
619 1641 859 1686 Platonem
914 1657 1073 1686 vocem
1127 1647 1283 1693 δίκαιος
1340 1641 1668 1701 significatione

420 1719 599 1777 vulgari
622 1736 877 1778 usurpasse,
900 1721 981 1765 vix
1008 1728 1077 1765 est
1102 1719 1226 1777 quod
1251 1718 1410 1766 dicam.
1445 1719 1511 1765 Eo
1534 1734 1669 1764 sensu

414 1796 571 1855 jungit
604 1803 744 1842 δίκαια
784 1806 851 1845 καὶ
889 1805 993 1854 ὅσια,
1027 1797 1172 1842 officia
1204 1812 1320 1856 quae
1343 1795 1441 1842 Diis
1464 1803 1510 1841 et
1530 1795 1671 1843 homi·

419 1873 556 1917 nibus
599 1875 837 1919 debentur.
903 1874 968 1920 Cf.
1014 1876 1147 1919 Polit.
1198 1875 1219 1918 I
1272 1891 1314 1934 p.
1361 1877 1448 1918 331
1494 1874 1558 1930 A,
1603 1874 1670 1918 III

420 1969 461 2013 p.
509 1954 598 1998 392
643 1953 692 1998 B.
734 1953 781 2001 C.
816 1955 872 2001 al.
908 1952 1024 2003 Cum
1058 1954 1139 1998 illa
1165 1953 1374 2013 justitiae
1407 1951 1672 1997 definitione

418 2046 511 2091 qua
553 2031 722 2080 dicitur
764 2047 860 2079 esse
900 2040 1179 2094 οῖκειοπραγίᾳ
1214 2032 1499 2092 singularum
1531 2030 1672 2079 animi

417 2110 631 2168 partium,
654 2125 745 2159 non
763 2110 894 2156 facile
911 2116 1102 2169 apparet
1120 2108 1352 2168 quomodo
1370 2114 1673 2157 consentanea

417 2187 477 2230 sit
498 2187 752 2231 multorum
774 2187 951 2247 opinio:
969 2188 1201 2246 justitiam
1218 2192 1431 2247 quartam
1448 2187 1669 2233 virtutem

417 2265 680 2322 primariam
723 2265 965 2324 complecti
1009 2276 1082 2320 τὴν
1120 2273 1308 2321 ὁσιότητα
1346 2263 1403 2320 1).
1470 2263 1514 2309 N
1516 2278 1540 2308 e
1573 2279 1671 2322 pro-

470 2452 506 2496 1)
530 2453 760 2497 Agnovernnt
781 2450 878 2489 inam
900 2451 1136 2490 difficultatem
1157 2451 1402 2494 Tennemann,
1420 2451 1512 2498 Syst.
1531 2451 1564 2487 d.
1584 2451 1668 2487 Plat.

412 2516 542 2551 Philos.
569 2520 650 2552 tom.
678 2517 737 2558 IV,
765 2529 798 2563 p.
834 2519 920 2558 138.
950 2518 988 2555 F.
1008 2519 1047 2553 A.
1069 2517 1107 2554 L.
1127 2520 1167 2552 A.
1188 2517 1376 2556 Grotofond
1391 2532 1399 2553 z
1416 2516 1670 2558 commentatio

412 2580 456 2620 de
482 2580 590 2621 doctr.
618 2581 751 2622 Platon.
780 2581 909 2626 ethica,
936 2581 1127 2631 Gottingae
1164 2583 1267 2618 1820.
1294 2585 1328 2618 4.
1356 2594 1391 2633 p.
1419 2584 1476 2623 50.
1642 2580 1646 2584 ⁴
