1938 3248
876 424 935 467 41

288 548 516 593 communi
558 547 856 607 temperantia
888 547 1094 605 loquitur
1125 547 1256 593 Plato
1289 548 1421 593 Polit.
1457 547 1525 592 III

285 643 327 686 p.
358 628 445 672 389
480 626 535 670 D.
592 634 859 682 Σωφροσύνης
899 631 942 670 δὲ
981 633 1034 677 ὥς
1073 630 1205 680 πλήθει
1236 648 1280 670 ου
1311 635 1359 671 τὰ
1389 632 1523 671 τοίαδε

283 712 471 762 μέγιστα,
515 711 719 764 ἀρχόντων
761 711 835 760 μὲν
878 711 1079 761 ὑπηκόους
1122 706 1248 757 εἶναι,
1293 711 1436 756 αὐτούς
1480 709 1522 749 δὲ

284 793 483 840 ἄρχοντας
526 792 606 827 τῶν
649 790 737 838 περὶ
779 789 924 832 πότους
968 790 1035 826 καὶ
1078 788 1292 838 ἀφροδίσια
1331 791 1398 827 καὶ
1434 790 1522 839 περὶ

286 867 433 914 ἐδωδὰς
461 867 618 918 ἡδονῶν
648 865 694 904 et
726 858 802 903 lib.
836 858 902 903 IV
934 875 976 918 p.
1010 861 1102 904 430
1134 859 1172 903 E
1202 868 1342 916 κόσμος
1362 869 1442 905 πού
1465 883 1523 912 τις

285 951 309 995 ἡ
351 949 578 996 σωφροσύνη
622 946 703 982 ἐστὶ
747 947 813 982 καὶ
854 943 1010 993 ἡδονῶν
1052 947 1175 983 τινῶν
1213 947 1279 982 καὶ
1310 946 1521 994 ἐπιθυμιῶν

286 1024 494 1072 ἐγκράτεια
508 1053 519 1071 ,
550 1021 602 1067 ὥς
627 1035 735 1072 φασι.
765 1013 858 1059 Ost.
877 1000 1106 1059 Phaedon.
1125 1031 1167 1074 p.
1189 1017 1245 1060 68
1265 1013 1314 1070 G,
1332 1015 1521 1060 phaedr.

284 1109 326 1152 p.
358 1095 446 1137 237
481 1092 519 1137 Ε
545 1092 740 1152 denique
767 1091 946 1137 Charm.
975 1108 1016 1152 p.
1052 1093 1135 1136 159
1156 1092 1193 1137 Β
1226 1092 1301 1150 (de
1317 1109 1407 1152 quo
1424 1094 1524 1137 loeo

283 1170 373 1214 vid.
408 1157 562 1228 Herm.
597 1167 756 1214 Gesch.
791 1185 834 1214 u.
868 1168 985 1229 Syst.
1015 1186 1057 1229 p.
1089 1168 1209 1227 609).
1259 1170 1422 1216 Melius
1439 1170 1524 1215 hoc

283 1249 608 1309 temperantiae
619 1262 765 1307 genus
783 1255 993 1304 ἐγκράτεια
1008 1247 1188 1305 dieitur,
1206 1263 1314 1293 nam
1331 1257 1522 1305 ἐγκρατής

283 1334 350 1371 est
376 1328 414 1371 is
441 1327 521 1385 qui
547 1333 615 1371 est
646 1333 807 1385 potens
834 1326 905 1370 sui
942 1325 1014 1383 1):
1049 1328 1252 1372 cernitur
1267 1332 1421 1371 autem
1444 1325 1523 1370 illa

283 1405 582 1463 temperantia
614 1405 662 1447 in
695 1419 767 1459 eo,
800 1403 926 1461 quod
942 1405 1234 1462 magistratus
1252 1406 1299 1448 in
1317 1403 1523 1462 subditos

282 1498 364 1541 per
402 1482 494 1526 vim
537 1481 852 1535 dominantur,
898 1481 946 1525 hi
989 1497 1096 1525 vero
1136 1483 1269 1526 inviti
1304 1482 1521 1526 serviunt.

283 1559 528 1604 Testantur
560 1559 648 1603 loci
681 1573 818 1618 supra
845 1558 982 1604 allati.
1018 1584 1078 1589 ·——
1111 1558 1443 1620 Distinguenda
1466 1556 1523 1602 ab

284 1654 337 1682 ea
375 1646 443 1682 est
475 1638 829 1699 ἱΙΙαηκιαγραφία
866 1638 1073 1692 virtutis,
1107 1654 1222 1696 quae
1255 1638 1524 1698 proponitur

284 1715 510 1760 Phaedon.
555 1732 596 1775 p.
639 1717 694 1761 69
739 1715 788 1759 Β.
834 1715 986 1760 Verba
1022 1725 1076 1768 ὡς
1105 1722 1236 1772 πλήθει
1268 1716 1521 1775 significare

282 1793 393 1836 mihi
422 1792 634 1837 videntur
667 1800 904 1852 „respectu
932 1792 1116 1852 plebis.’⁷
1156 1793 1372 1853 Ejusdem
1392 1807 1522 1852 gene·

281 1872 367 1925 ris,
402 1872 448 1914 ni
480 1871 637 1925 fallor,
660 1878 730 1914 est
747 1869 880 1929 Soph.
900 1870 1058 1930 Oedip.
1079 1871 1234 1916 Colon.
1255 1874 1336 1915 20:
1364 1872 1521 1918 μακρὰν

282 1955 356 2004 γὰρ
377 1955 428 1999 ὡς
450 1953 609 2004 γέροντι
634 1946 775 2006 (Belg.
794 1963 906 1992 voor
922 1963 1001 1993 een
1018 1947 1255 2008 grijsaard)
1275 1952 1521 2005 προύστάλης

280 2031 373 2070 ὁδόν
417 2024 530 2071 Coll.
577 2024 630 2068 V.
679 2027 764 2069 76:
809 2033 967 2082 ἐπείπερ
998 2029 1033 2070 εἷ
1060 2037 1267 2080 γενναῖος,
1296 2033 1348 2076 ὥς
1378 2029 1518 2069 tadum.

281 2101 421 2146 Plura
451 2102 556 2146 vide
588 2102 711 2161 apud
728 2103 846 2161 Aug.
864 2101 1082 2146 Matthiae
1094 2137 1105 2158 ‚
1124 2103 1252 2146 Ausf.
1272 2100 1348 2148 Gr.
1367 2099 1519 2146 Gram.

282 2179 351 2224 ed.
397 2178 515 2239 Lips.
566 2181 706 2235 1827,
750 2178 773 2239 §
806 2182 919 2236 388,
954 2179 1089 2236 Rost,
1124 2178 1200 2226 Gr.
1235 2178 1415 2235 Gmm„
1450 2177 1519 2223 ed.

334 2392 366 2439 1)
400 2391 610 2435 Dominam,
636 2393 810 2442 superior,
837 2394 897 2443 qui
925 2397 1128 2443 potestatem
1154 2393 1299 2440 alicujus
1326 2393 1375 2429 rei
1403 2392 1521 2431 haben

281 2456 381 2492 Polit.
418 2457 484 2499 VI,
519 2469 553 2505 p.
591 2460 659 2493 599
696 2458 748 2499 D.
774 2458 842 2501 lx.
869 2471 903 2506 p.
932 2463 1000 2495 589
1030 2460 1076 2500 B,
1102 2459 1209 2505 Legg.
1235 2458 1285 2501 X,
1311 2471 1346 2505 p.
1375 2458 1445 2494 897
1473 2457 1521 2498 Β,

281 2522 368 2565 xn,
403 2534 436 2569 p.
473 2508 543 2558 966
570 2523 610 2559 Ε.
663 2523 742 2560 vid.
768 2525 850 2565 Ast.
878 2524 992 2562 Lexic.
1018 2525 1139 2561 Platon
1178 2528 1201 2565 t,
1228 2524 1246 2559 1
1272 2536 1304 2571 p.
1335 2525 1416 2559 590.
1470 2522 1520 2557 De

281 2587 384 2633 hujus
410 2588 493 2629 libri,
517 2589 627 2638 pretio
653 2590 787 2625 monuit
813 2589 854 2627 V.
879 2590 932 2627 01.
961 2591 1007 2626 H.
1030 2600 1100 2626 von
1113 2590 1230 2626 Stein:
1248 2590 1371 2626 Sieben
1385 2589 1520 2629 Biicher

281 2664 341 2694 zur
365 2653 489 2694 Gesoh.
516 2654 577 2695 des
602 2653 735 2695 Platon,
761 2658 843 2694 tom.
868 2656 905 2701 1,
932 2667 966 2707 p,
992 2658 1049 2695 25.
1074 2643 1076 2645 ,
