1938 3248
864 363 920 407 49

271 487 502 546 Epistolae
518 501 633 544 quae
651 468 796 529 fertur
812 484 1129 543 Xenophontis
1146 484 1203 528 ad
1221 485 1512 541 Aeschinem,

273 563 442 608 dicitur
475 563 607 607 Plato
640 561 973 621 philosophiam
1007 560 1202 605 Socratis
1236 564 1511 621 corrupisse,

272 641 479 685 admixta
511 640 716 684 doctrina
744 640 1032 700 Pythagorea
1066 638 1174 697 (Cfr.
1206 639 1389 696 Daeier,
1417 640 1515 685 Pla-

273 728 366 764 ton.
402 719 500 763 Aus
529 719 635 783 dem
663 718 868 762 Franzos.
905 718 1049 763 ubers.
1087 735 1176 763 von
1209 719 1251 762 J.
1288 720 1341 763 K.
1377 717 1513 774 Gotz,

273 797 510 857 Augustae
544 794 767 840 Vindelic.
803 796 932 841 1829.
965 798 1005 841 8.
1041 812 1082 857 p.
1118 794 1210 851 45).
1254 795 1308 841 In
1342 796 1513 842 Antho-

273 876 393 935 logia
419 877 536 919 inter
562 881 764 920 ἀδέσποτα
782 875 979 933 legimus
997 874 1053 918 de
1070 875 1259 918 Platone
1278 876 1399 919 hunc
1418 891 1512 920 ver-

274 969 398 998 sum:
422 963 668 1010 Σωκρατικῷ
689 963 847 1009 Σάμιον
870 963 1034 1010 κεράσας
1054 964 1222 1010 μυκτῆρι
1245 963 1428 1010 φρόνημα
1455 952 1512 1011 l).

273 1031 548 1075 Themistius
581 1038 757 1086 monet,
793 1029 918 1075 Orat.
946 1030 1097 1075 XXV!
1130 1047 1171 1089 p.
1203 1033 1291 1075 318
1326 1030 1386 1088 C,
1416 1031 1515 1076 Pla-

274 1118 429 1154 tonem
471 1116 671 1153 veterem
713 1109 1045 1167 philosophiam
1089 1110 1280 1168 sparsim
1310 1109 1511 1155 habitan-

275 1200 389 1244 tem,
423 1187 808 1246 quemadmodum
840 1187 1039 1232 Theseus
1056 1188 1284 1245 Athenas,
1303 1189 1349 1232 in
1368 1204 1513 1233 unum

276 1267 578 1319 contraxisse;
613 1266 874 1311 Moderatus
908 1265 1161 1310 Gaditanus
1190 1268 1236 1309 in
1259 1267 1513 1326 fragmento

277 1343 399 1403 quod
432 1344 598 1402 legitur
621 1344 666 1387 in
689 1343 928 1403 Porphyrii
946 1343 1053 1388 Vita
1071 1343 1375 1404 Pythagorica
1390 1342 1413 1403 ξ
1430 1347 1513 1402 48,

277 1422 509 1466 contendit
535 1421 774 1466 Platonem
807 1423 960 1466 omnia
987 1422 1106 1466 bona
1131 1422 1340 1466 habuisse
1375 1439 1401 1466 a
1429 1423 1514 1482 Py-

275 1500 527 1560 thagoreis,
556 1516 638 1545 nec
672 1500 762 1545 illis
795 1501 1031 1560 reliquisse
1060 1501 1147 1544 nisi
1181 1516 1335 1560 nugas.

339 1579 702 1638 Pythagoreismi
721 1580 907 1637 vestigia
919 1580 966 1623 in
977 1579 1233 1638 philosophi
1247 1578 1390 1623 nostri
1401 1578 1515 1639 Ope-

277 1656 401 1701 ribus
441 1657 587 1700 multa
619 1655 797 1701 adsunt.
834 1655 1000 1701 Scribit
1035 1655 1223 1701 Carolus
1259 1655 1516 1717 Goettling,

278 1737 421 1779 Praef.
435 1735 499 1779 ad
517 1736 704 1779 Aristot.
724 1735 913 1791 Politia„
933 1735 1000 1779 ed.
1018 1735 1161 1779 Jenae
1184 1738 1314 1780 1824.
1336 1740 1375 1779 8.
1394 1751 1435 1794 p.
1455 1735 1498 1779 X
1511 1770 1521 1790 ,

276 1814 518 1873 respiciens
548 1812 781 1868 politiam,
817 1828 921 1857 eum
938 1813 1027 1857 tria
1043 1813 1330 1872 potissimum
1352 1828 1408 1857 ex
1423 1813 1521 1857 illo-

277 1908 380 1936 rum
397 1891 576 1951 placitis
589 1892 635 1934 in
649 1906 752 1935 suos
766 1907 875 1935 usus
889 1892 1163 1935 convertisse
1178 1909 1186 1935 :
1200 1908 1226 1935 a
1236 1891 1519 1950 philosophis

276 1970 497 2029 regendas
515 1986 611 2014 esse
629 1970 847 2025 civitates,
863 1970 1029 2014 civium
1049 1970 1201 2014 omnia
1214 1985 1308 2013 esse
1321 1985 1518 2014 commu-

278 2050 353 2093 nia
397 2058 441 2093 et
480 2049 781 2093 foeminarum
815 2049 1108 2108 virorumque
1137 2048 1517 2106 aequabilitatem.

278 2127 414 2171 Recte
443 2126 544 2179 ille,
575 2126 709 2170 modo
737 2125 986 2170 addidisset
1004 2126 1338 2170 institutionem
1362 2141 1518 2185 puero·

277 2220 381 2250 rum
397 2220 477 2264 per
493 2205 812 2263 geometriam,
831 2204 1063 2259 musicam,
1083 2210 1163 2248 cet.
1184 2203 1454 2262 Explicatur
1470 2204 1518 2248 il-

278 2282 360 2327 lud
392 2288 665 2338 πυθαγορίζειν
695 2288 795 2325 tum
813 2297 871 2326 ex
888 2281 1125 2326 itineribus
1143 2296 1259 2341 quae
1277 2281 1409 2326 Plato
1428 2297 1518 2326 sus·

276 2472 404 2514 buerit,
439 2472 524 2508 bene
552 2471 717 2509 memisse
742 2471 868 2508 dicitur
895 2470 937 2507 D.
968 2470 1201 2507 Tiedemann:
1229 2471 1386 2507 Platonis
1413 2470 1521 2507 dialo-

277 2550 398 2583 gorum
424 2543 622 2584 argumenta
648 2538 817 2574 illustrata
843 2541 876 2572 et
902 2537 1079 2584 exposita,
1109 2537 1254 2583 Biponti
1285 2537 1390 2572 1786.
1422 2539 1453 2571 8.

331 2607 363 2650 1)
391 2605 447 2641 Cfr
474 2605 545 2641 Cic.
573 2605 658 2652 Rep.
684 2605 701 2640 1
726 2617 798 2651 cap.
830 2607 884 2640 10.

1337 2666 1364 2706 4
