1938 3248
850 356 909 401 45

259 480 398 524 lixior
439 481 547 526 fiam
560 515 571 536 ,
615 481 802 525 afferam
843 478 1164 525 tantummodo
1196 479 1337 524 verba
1367 480 1500 525 Alex.

260 558 414 620 Kapp:
446 559 646 605 Platon’s
679 558 1088 619 Erziehungslehre
1121 574 1163 618 p.
1197 560 1310 604 225:
1344 559 1499 605 Uebri-

258 652 388 696 genS,
437 638 608 698 inquit,
656 638 766 697 geht
812 653 895 682 aus
942 636 1024 681 der
1069 630 1158 682 Art
1206 637 1302 681 und
1351 637 1500 683 Weise

258 716 342 760 wie
384 716 550 760 Platon
588 715 663 761 die
704 716 803 760 vier
846 713 1292 774 Cardinaltugenden
1331 717 1378 760 in
1411 716 1499 761 den

258 793 469 839 Biichern
512 809 617 839 vom
649 793 804 840 Staate
836 793 1075 839 entstehen
1107 793 1219 839 liisst
1248 809 1498 855 genugsam

258 871 445 929 hervor,
493 871 597 917 dass
640 887 688 917 er
731 878 864 917 unter
912 871 995 917 der
1043 870 1380 933 Gerechtigkeit
1426 875 1498 920 die

259 948 585 1010 Frommigkeit
627 958 814 1007 (ὁσιότης)
853 949 1142 1009 mitbegreift.
1229 949 1376 996 Causa
1418 969 1500 998 cur

257 1027 303 1074 in
351 1027 518 1073 Politia
560 1034 606 1073 et
649 1028 696 1078 in
740 1028 868 1073 libris
911 1026 968 1073 de
1012 1027 1205 1088 Legibus
1249 1029 1498 1076 virtutibus

255 1107 484 1166 primariis
531 1123 623 1151 non
666 1113 993 1152 annumeretur
1034 1115 1210 1164 ὁσιότης,
1251 1108 1356 1153 licet
1388 1125 1440 1154 ea
1471 1126 1498 1154 a

257 1184 446 1231 Platone
477 1201 656 1246 semper
686 1186 840 1246 magni
872 1185 1111 1230 aestimata
1141 1186 1202 1231 sit
1218 1221 1229 1242 ,
1262 1189 1497 1236 nonsatis

255 1263 410 1323 liquet.
475 1264 578 1309 Alb.
622 1264 794 1310 Hafner
837 1265 885 1307 in
917 1264 1033 1308 Diss.
1069 1271 1203 1308 antea
1234 1265 1354 1309 laud.
1388 1282 1431 1325 p.
1467 1267 1492 1310 9

256 1356 357 1385 eam
388 1357 416 1385 a
446 1341 638 1387 Platone
670 1342 882 1386 omissam
905 1356 1000 1385 esse
1022 1342 1201 1396 statuit,
1225 1344 1355 1402 quja,
1376 1350 1495 1403 post-

256 1432 394 1478 quam
436 1418 628 1478 singulis
670 1418 818 1463 tribus
861 1418 1001 1463 animi
1039 1418 1259 1478 partibus'
1276 1420 1494 1466 virtutem

254 1496 484 1557 quandam
526 1495 711 1552 tribuit,
753 1496 929 1542 cunctis
961 1505 1116 1541 autem
1147 1513 1182 1541 s.
1216 1504 1312 1543 toto
1344 1499 1496 1544 animo

193 1560 195 1562 ³
257 1584 328 1631 τὴν
372 1581 655 1632 δικαιοσύνην,
703 1575 841 1620 nullis
884 1576 1012 1620 locus
1048 1576 1279 1643 sanctitati
1311 1577 1497 1623 relictus

218 1672 221 1674 ·
255 1653 392 1698 fuerit
427 1653 484 1712 1).
550 1652 637 1699 Sed
670 1654 734 1699 ita
765 1669 857 1699 non
891 1654 1167 1715 explicatur,
1200 1655 1324 1716 quod
1356 1662 1402 1701 et
1433 1656 1497 1702 ibi

255 1731 334 1774 ubi
365 1732 469 1788 plus
501 1732 642 1775 nimio
676 1732 892 1776 verbosus
925 1740 995 1776 est
1026 1733 1157 1777 Plato
1179 1734 1227 1776 in
1249 1734 1427 1790 Politia,
1450 1743 1496 1778 et

255 1808 487 1869 loquacior
535 1807 747 1854 videatur
795 1809 843 1854 in
872 1808 1191 1856 enumerandis
1223 1810 1494 1869 virtutibuS‚

254 1894 452 1948 quatuor
489 1887 722 1947 speciebus
764 1888 876 1932 alias
918 1887 1112 1944 addens,
1151 1889 1409 1948 saepissime
1442 1905 1495 1936 ea

253 1967 413 2012 siletur
444 1965 553 2024 (Gfr.
586 1966 720 2011 Polit.
753 1966 819 2011 III
850 1983 893 2026 p.
927 1969 1017 2012 402
1048 1965 1105 2022 C,
1141 1967 1205 2012 VI
1233 1984 1275 2028 p.
1308 1970 1397 2013 506
1434 1970 1493 2028 D,

254 2047 344 2090 487
368 2045 433 2100 Α,
455 2044 545 2090 VII
565 2061 607 2105 p.
632 2047 720 2091 536
745 2045 810 2100 A,
833 2044 899 2090 VI
921 2061 963 2105 p.
987 2046 1076 2091 491
1100 2045 1162 2102 B,
1183 2045 1228 2091 X
1249 2062 1292 2106 p.
1319 2049 1405 2093 621
1432 2047 1491 2105 C,

254 2123 319 2168 III
376 2139 420 2183 p.
481 2125 569 2168 395
621 2122 698 2181 C),
747 2139 892 2183 neque
935 2123 1001 2167 ita
1026 2124 1305 2182 ,explicatur
1358 2141 1494 2171 causa

252 2201 507 2245 omissionis
549 2202 597 2245 in
641 2210 808 2257 Νόμοις.
865 2199 1075 2246 Fortasse
1103 2216 1245 2261 quum
1280 2202 1492 2249 Politiam

252 2280 468 2325 scriberet
515 2280 644 2324 Plato
688 2280 798 2324 haec
840 2280 932 2324 fere
980 2279 1077 2337 ejus
1126 2282 1351 2325 sententia
1390 2282 1490 2327 fuit.

309 2470 339 2514 Ι)
377 2469 495 2505 Piston
530 2446 600 2505 will
634 2469 688 2505 fiir
717 2468 813 2515 jedes
848 2467 958 2505 seiner
983 2467 1057 2504 drei
1083 2469 1388 2518 Seelenvermogen
1414 2472 1491 2508 eine

251 2533 522 2579 entsprechende
561 2534 725 2580 Tugend,
761 2533 867 2569 daher
903 2533 992 2569 kann
1027 2546 1063 2569 er
1098 2546 1162 2570 nur
1197 2536 1266 2571 vier
1301 2536 1489 2582 Tugenden

251 2597 384 2641 zahlen,
