1938 3248
1009 351 1064 394 76

475 475 608 520 Polit.
657 475 720 518 VI
761 492 802 534 p.
841 478 927 520 504
965 475 1011 519 Β.
1049 481 1268 532 Ἐλέγομέν
1297 498 1395 529 που,
1419 486 1479 522 ὅτι
1515 486 1566 529 05,-
1587 485 1658 534 μὲν

414 563 589 604 δυνατὸν
628 561 675 613 ἦν
717 561 909 602 κάλλιστα
952 563 1055 602 αὐτὰ
1087 563 1265 604 κατιδεῖν
1294 563 1400 616 ἄλλη
1434 566 1660 617 μακροτέρα

414 643 474 693 εἴη
508 641 711 691 περίοδος,
756 645 804 690 ἢν
832 641 1071 692 περιελθόντι
1108 648 1320 693 καταφανῆ
1351 645 1550 693 γίγνοιτο,
1582 646 1660 683 τῶν

413 722 551 770 μέντοι
597 723 808 771 ἔμπροσθεν
850 722 1145 771 προειρημένων
1192 723 1389 771 ἑπομένας
1437 723 1661 768 ἀποδείξεις

415 797 499 838 οἷόν
537 799 573 837 τ’
608 799 668 850 εἴη
708 802 927 851 προςάψαι.

478 871 688 915 Praestat
733 871 793 914 ibi
836 886 917 929 pro
952 878 1149 927 ἑπομένας
1183 888 1285 916 cum
1321 874 1419 916 viro
1449 872 1578 917 Doct.
1620 872 1661 917 S.

416 949 470 995 A.
517 949 669 996 Naber
712 950 862 1011 legere
907 957 1126 1011 ἐχομένας,
1167 951 1287 997 unde
1320 950 1513 1012 pendeat
1543 951 1663 1012 geni-

416 1029 540 1072 tivus
574 1037 666 1075 τῶν.
699 1029 899 1090 Longior
927 1031 1001 1074 via
1017 1046 1156 1089 quam
1173 1031 1305 1075 Plato
1322 1029 1664 1091 ingrediendam

417 1122 514 1152 esse
554 1116 736 1162 monet,
781 1116 833 1153 ut
876 1109 934 1153 ad
978 1125 1133 1154 veram
1177 1111 1317 1154 animi
1357 1110 1664 1168 cognitionem

416 1187 734 1246 perveniamus
778 1194 847 1232 est
879 1203 952 1243 ea,
987 1203 1102 1247 quae
1142 1203 1223 1248 per
1266 1187 1391 1233 ideas
1420 1187 1478 1232 ad
1509 1202 1663 1232 veram

418 1263 475 1308 de
507 1265 661 1309 animo
689 1267 961 1311 sententiam
995 1266 1132 1311 ducit.

483 1342 616 1388 Polit.
664 1344 728 1388 VI
764 1360 805 1404 p.
843 1347 932 1389 507
963 1344 1011 1388 Ε.
1047 1352 1102 1390 Οἱ)
1133 1354 1276 1402 σμικρὰ
1309 1354 1389 1401 ἄρα
1427 1350 1514 1389 ἰδέα
1545 1354 1569 1399 η’
1598 1353 1664 1387 τοῦ

417 1429 513 1478 ὁρᾶν
546 1429 717 1479 αἴσθησις
753 1432 818 1468 καὶ
859 1434 883 1480 η’
914 1433 981 1469 τοῦ
1017 1431 1175 1480 ὁρᾶσθαι
1217 1429 1398 1479 δύναμις·
1431 1432 1508 1468 τῶν
1528 1426 1663 1467 ἄλλων

420 1506 637 1552 συζεύξεων
673 1509 891 1559 τιμιωτέρῳ
922 1510 1029 1558 ζυγῳ
1060 1509 1280 1558 ἐζύγησαν,
1317 1508 1423 1557 εἴπερ
1453 1511 1503 1556 μὴ
1518 1509 1664 1555 ἄτιμον

420 1586 463 1622 τὸ
493 1587 588 1632 φῶς.

483 1656 635 1702 Vertit
662 1658 867 1704 Ficinus:
904 1660 1141 1715 „Profecto
1165 1659 1357 1704 visibilis
1374 1658 1516 1718 ipsius
1536 1657 1604 1701 vis
1622 1663 1667 1701 et

420 1734 630 1780 videntis·
651 1738 854 1795 potentia
879 1738 993 1796 jugo
1028 1737 1226 1797 quodam
1249 1737 1443 1781 aliarum
1461 1735 1666 1779 omnium

420 1814 794 1879 conjugationum
829 1817 1027 1861 maxime
1062 1815 1328 1860 honorando
1341 1815 1527 1873 junctae
1545 1819 1664 1867 sunt,

422 1907 512 1935 non
557 1893 723 1951 exigua
766 1894 962 1952 quadam
997 1895 1166 1953 specie,
1201 1894 1238 1937 si
1272 1892 1407 1937 modo
1440 1907 1533 1935 non
1566 1905 1666 1935 con-

420 1970 718 2014 temnendum
758 1978 827 2014 est
860 1973 1052 2015 lumen.”
1119 1971 1259 2015 Recte
1295 1962 1377 2029 pro
1413 1977 1555 2025 σμικρὰ
1588 1977 1667 2024 ἄρα

425 2053 512 2092 ῖδέα
559 2049 698 2093 vertit
742 2063 884 2106 σμικρᾷ
912 2060 992 2106 ἄρα
1025 2056 1111 2102 ἰδέᾳ
1131 2088 1141 2104 ,
1177 2064 1315 2108 quam
1350 2048 1593 2092 lectionem
1626 2054 1671 2090 et

423 2126 568 2168 oratio
610 2133 824 2170 contexta
856 2128 1056 2187 flagitat,
1091 2134 1135 2171 et
1168 2132 1347 2186 praeter
1379 2125 1492 2168 alios
1525 2123 1668 2168 codex

423 2203 562 2247 Paris.
614 2204 655 2247 A
699 2204 895 2250 exhibet.
963 2205 1064 2250 Non
1104 2203 1444 2249 assentiendum
1488 2202 1671 2247 videtur

424 2280 654 2334 Bekkem,
690 2283 768 2338 qui
802 2291 855 2326 ut
887 2283 1019 2327 Polit.
1056 2283 1097 2326 II
1133 2299 1172 2341 p.
1209 2284 1297 2326 373
1333 2281 1430 2325 Eoi>
1450 2302 1485 2324 τι
1503 2290 1668 2335 σμικρῷ,

425 2366 515 2405 ἀλλ’
544 2367 624 2417 ὅλῳ
653 2369 910 2419 στρατοπέδῳ
942 2369 1086 2418 μείζων
1121 2366 1260 2412 πόλις,
1298 2361 1362 2404 ita
1396 2359 1467 2403 hic
1487 2366 1607 2414 ζυγὸν
1625 2381 1669 2404 ου

426 2454 568 2497 σμικρᾷ
610 2447 962 2502 ἰδέᾳῖτιμιώτερον
994 2441 1081 2485 dici
1118 2440 1361 2484 existimat.

489 2523 620 2566 Polit.
668 2521 753 2565 VII
788 2538 830 2580 p.
868 2523 954 2564 514
991 2521 1043 2564 A.
1098 2527 1179 2565 ’165
1211 2528 1284 2575 γὰρ
1319 2525 1549 2574 ἀνθρώπους
1585 2522 1669 2562 οἷον

427 2626 468 2648 εν
501 2609 701 2658 κιιταγὲίῳ
732 2609 875 2658 οἰκήσω
909 2603 1151 2657 σπηλαιώδει
1174 2635 1183 2651 ,
1216 2605 1296 2642 κτὲ.
