1938 3248
918 370 973 413 53

322 490 544 551 cupiditas
578 491 798 552 appetitui
813 510 823 548 3
852 491 951 537 aliis
986 491 1158 537 verbis:
1189 493 1362 537 ratione
1390 490 1565 552 praedi-

322 577 394 614 tae
426 571 561 614 animi
597 571 738 630 partis
772 572 917 615 virtus
951 578 1019 615 est
1050 570 1320 630 prudentia,
1356 571 1457 633 irae·
1481 571 1566 614 for-

322 648 494 705 titudo,
551 648 810 709 cupiditatis
860 650 1161 709 temperantia
1205 675 1266 680 —
1311 666 1416 693 nam
1461 665 1564 693 cum

322 729 508 773 rationis
543 742 723 787 compos
757 743 861 787 pars
894 727 1159 773 moderatur
1191 736 1425 788 expertem
1459 727 1565 772 tole·

323 806 470 851 rantia
512 806 718 865 gignitur
757 813 803 850 et
844 807 1122 851 continentia
1163 811 1367 863 (καρτερία
1398 815 1464 851 καὶ
1496 815 1565 861 ἐγ-

324 891 501 943 κράτεια)
527 911 586 915 ——
598 886 738 929 totius
756 884 950 943 deniquo
968 885 1108 929 animi
1127 885 1272 929 virtus
1291 891 1358 928 est
1369 885 1562 943 justitia.

325 963 447 1007 Sicut
493 964 632 1006 animi
674 962 873 1021 partium
913 963 1002 1021 alia
1037 963 1255 1021 imperat,
1289 962 1379 1006 alia
1409 970 1562 1021 paret,

324 1041 388 1085 ita
441 1041 627 1085 illarum
676 1040 868 1084 virtutes
916 1040 1082 1099 partim
1111 1031 1412 1099 'imperantes
1458 1047 1564 1084 sunt

324 1119 490 1178 partim
518 1125 739 1178 parentes,
759 1118 951 1177 imperat
974 1117 1230 1177 prudentia,
1254 1125 1418 1177 parent
1440 1118 1562 1162 forti-

325 1197 436 1241 tudo
453 1204 498 1241 et
513 1197 832 1255 temperantia,
851 1197 997 1240 mixta
1014 1207 1082 1240 est
1091 1197 1282 1254 justitia.
1307 1195 1422 1241 Cum
1440 1197 1561 1240 meli·

325 1290 376 1318 or
407 1275 546 1318 animi
577 1290 680 1333 pars
713 1275 905 1333 imperat
937 1282 981 1319 et
999 1283 1198 1333 praeest⁷
1218 1274 1416 1319 deterior
1432 1282 1563 1335 paret

326 1360 371 1396 ct
403 1353 629 1410 sequitur,
659 1360 704 1396 et
732 1354 850 1396 inter
878 1369 923 1396 se
953 1353 1110 1397 ambae
1139 1354 1445 1408 consentiunt,
1463 1359 1562 1396 tum

325 1430 471 1474 virtus
506 1437 551 1474 et
574 1445 707 1475 omne
723 1430 895 1475 bonum
912 1446 991 1491 per
1007 1437 1156 1475 totum
1178 1431 1380 1475 animum
1397 1430 1563 1475 existit.

389 1507 548 1551 Virtus
582 1523 673 1551 non
702 1509 849 1567 posita
877 1515 945 1552 est
969 1509 1013 1551 in
1038 1524 1090 1552 eo
1103 1543 1113 1563 ‚
1138 1515 1188 1552 ut
1210 1509 1311 1566 quis
1335 1523 1393 1552 ex
1416 1509 1566 1552 animo

327 1586 689 1646 perturbationes
720 1587 905 1642 evellat,
937 1602 1095 1631 verum
1118 1595 1169 1631 ut
1192 1594 1295 1646 apte
1319 1593 1566 1631 connectat.

328 1664 487 1708 Virtus
521 1665 715 1708 hominis
748 1666 896 1723 posita
929 1672 996 1709 est
1029 1666 1076 1708 in
1099 1665 1190 1708 illis
1208 1664 1347 1708 animi
1365 1663 1568 1722 partibus

328 1742 673 1800 componendis:
708 1751 814 1786 sunt
848 1743 1105 1786 enim‘duae
1128 1743 1268 1786 animi
1290 1749 1442 1801 partes
1465 1757 1568 1785 cum

328 1820 502 1863 ratione
546 1820 895 1880 componendae.
963 1819 1182 1866 Similiter
1226 1821 1271 1863 in
1306 1819 1417 1864 urbe
1440 1806 1568 1878 vprin-

327 1898 478 1956 cipum
512 1914 754 1943 consensus
788 1915 890 1943 cum
925 1900 1137 1958 subjectis
1171 1899 1421 1957 potentiam
1448 1897 1569 1955 parit

327 1982 372 2019 et
416 1975 723 2031 concordiam3
770 1993 872 2021 cum
910 1983 1062 2022 autem
1094 1992 1176 2036 per
1208 1975 1474 2020 seditionem
1507 1973 1570 2017 di-

327 2053 561 2098 velluntur
604 2056 732 2111 illae,
778 2057 923 2100 oritur
967 2057 1128 2100 vitium
1162 2062 1296 2113 atque
1330 2052 1566 2097 discordia.

328 2130 559 2190 Quidquid
608 2134 729 2188 vitii,
775 2135 980 2190 sceleris,
1024 2134 1195 2193 peccati
1238 2133 1285 2176 in
1329 2131 1565 2175 hominum

327 2209 422 2251 vita
466 2211 666 2254 cernitur
709 2227 767 2254 ex
800 2213 938 2255 animi
971 2209 1386 2269 perturbationibus
1415 2214 1566 2251 ortum

328 2284 464 2329 ducit..
530 2288 594 2331 At
627 2303 729 2331 cum
761 2288 866 2332 illae
891 2288 1112 2332 rationem
1135 2292 1399 2345 sequuntur,
1423 2285 1568 2329 oritur

322 2363 521 2421 justitia,
566 2380 679 2422 quae
718 2366 825 2409 alibi
866 2365 1032 2409 dicitur
1065 2365 1248 2408 efficere
1282 2363 1567 2407 harmoniam

327 2441 488 2497 animi,
523 2442 586 2485 ita
618 2450 670 2486 ut
703 2442 910 2486 habenda
943 2443 1001 2485 sit
1033 2443 1313 2499 reliquarum
1342 2442 1566 2484 virtutum

328 2524 472 2562 mater
515 2526 649 2577 atque
693 2521 872 2575 nutrix,
908 2518 1132 2578 siquidem
1165 2519 1333 2577 absque
1367 2518 1452 2562 hac
1484 2533 1565 2562 nec

328 2606 583 2661 temperans
627 2616 706 2643 nec
750 2599 879 2643 fortis
923 2613 1006 2642 nec
1049 2597 1249 2659 prudens
1285 2597 1422 2658 possit
1459 2612 1566 2641 esse,
