1938 3248
1013 362 1072 406 34

987 575 1083 635 μ.

845 725 915 770 De
948 724 1226 772 Fortitudine.

475 876 637 921 Plures
653 873 942 918 definitiones
964 873 1100 933 hujus
1118 874 1304 920 virtutis
1321 876 1511 936 rejectae
1529 884 1660 922 erant

412 957 459 1000 in
494 953 712 1010 Lachete,
746 968 830 1013 pro
847 959 1013 997 natura
1030 952 1167 1013 hujus
1184 953 1378 1015 dialogi,
1397 971 1534 1016 quam
1553 973 1657 1002 cum

412 1035 514 1080 aliis
550 1047 841 1079 communem
870 1031 1028 1088 habet,
1048 1031 1109 1093 (p.
1133 1034 1217 1078 191
1236 1033 1293 1091 A,
1316 1036 1402 1080 192
1420 1035 1475 1091 D,
1498 1037 1584 1081 195
1602 1036 1657 1092 Α,

415 1114 501 1157 199
536 1110 593 1169 Β)
625 1127 709 1157 nec
742 1126 827 1171 pro
857 1110 1078 1170 dignitate
1105 1111 1364 1172 philosophi
1389 1120 1542 1173 aperte
1561 1115 1658 1173 ejus

410 1191 615 1235 indolem
644 1190 978 1249 significaverat
1010 1189 1057 1232 in
1090 1189 1172 1233 illo
1190 1189 1370 1249 dialogo
1388 1191 1580 1250 scriptor
1600 1189 1656 1248 1).

410 1269 517 1314 Alia
542 1268 609 1313 rei
635 1268 751 1312 ratio
785 1274 854 1311 est
886 1267 935 1311 in
968 1265 1146 1312 Politia.
1196 1267 1266 1312 Ibi
1298 1268 1520 1313 fortitudo
1554 1269 1657 1314 civi-

410 1347 517 1392 tatis
545 1344 839 1405 dijudicanda
867 1359 964 1389 esse
987 1344 1156 1389 dicitur
1173 1360 1196 1389 e
1214 1345 1482 1390 fortitudine
1500 1361 1657 1391 eorum

412 1425 605 1480 civium,
646 1425 725 1483 qui
757 1439 840 1482 pro
875 1438 928 1467 ea
959 1423 1181 1478 militant,
1216 1429 1471 1468 ceterorum
1504 1431 1656 1469 autem

411 1505 580 1551 civium
634 1501 856 1548 timiditas
910 1502 984 1546 vel
1034 1500 1255 1547 fortitudo
1301 1502 1532 1548 civitatem
1576 1518 1657 1548 nec

409 1583 620 1628 timidam
649 1597 733 1625 nee
759 1582 924 1624 fortem
958 1580 1145 1624 reddere
1173 1581 1325 1625 valere
1344 1579 1416 1637 (ef.
1435 1581 1570 1625 Polit.
1590 1581 1655 1625 IV

408 1678 451 1721 p.
486 1662 575 1705 429
611 1657 678 1716 B).
737 1664 939 1715 Ἀνδρεία
970 1687 1035 1696 -——
1079 1663 1193 1711 πόλις
1235 1667 1341 1716 μέρει
1387 1667 1468 1705 τινὶ
1512 1668 1654 1714 ἑαυτῆς

411 1746 515 1790 ἐστι,
540 1742 608 1782 διὰ
638 1745 681 1781 τὸ
713 1744 754 1781 ἐν
786 1742 925 1792 ἐκείνῳ
954 1742 1059 1793 ἔχειν
1092 1741 1264 1791 δύναμιν
1294 1745 1502 1793 τοιαύτην,
1533 1745 1555 1791 ’ὴ
1588 1741 1654 1780 διὰ

409 1825 562 1867 παντὸς
603 1824 716 1859 σώσει
757 1825 829 1869 τὴν
871 1823 959 1870 περὶ
991 1823 1071 1859 τῶν
1103 1820 1247 1860 δεινῶν
1278 1820 1426 1869 δόξαν,
1458 1825 1584 1859 ταῦτά
1614 1837 1653 1865 τε

409 1901 511 1940 αὐτὰ
556 1897 659 1940 εἶναι
705 1901 771 1938 καὶ
816 1904 1006 1946 τοιαῦτα,
1052 1901 1078 1939 ἅ
1119 1914 1158 1938 τε
1199 1901 1266 1938 καὶ
1297 1900 1363 1938 οἵα
1393 1901 1413 1937 ὁ
1444 1898 1652 1950 νομοθέτης

408 1977 673 2028 παρήγγειλεν
719 1981 759 2016 ἐν
806 1984 854 2027 τῇ
897 1977 1075 2026 παιδείᾳ.
1137 1971 1329 2015 Brevius
1371 1978 1542 2026 σωτηρία
1586 1982 1653 2025 τῆς

409 2057 525 2108 δόξης
556 2060 623 2106 τῆς
651 2057 728 2096 ὑπὸ
759 2059 881 2106 νόμου
912 2056 979 2095 διὰ
1010 2061 1077 2106 τῆς
1107 2055 1293 2101 παιδείας
1323 2055 1535 2104 γεγονυίας
1565 2057 1652 2105 περὶ

461 2220 494 2264 1)
521 2217 678 2263 Singulis
703 2217 739 2252 in
767 2217 914 2263 dialogis
940 2229 959 2252 a
986 2216 1108 2264 primis
1135 2216 1246 2252 initiis
1263 2227 1318 2252 res
1338 2218 1523 2263 pertractat
1539 2214 1653 2262 adque

407 2286 537 2320 certum
572 2282 745 2331 quendam
781 2283 883 2318 finem
911 2282 1095 2330 perductas
1121 2282 1242 2318 missas
1269 2281 1368 2325 facit,
1393 2280 1463 2317 alio
1490 2280 1652 2328 deinceps

407 2349 496 2385 libro
523 2362 579 2385 eas
604 2349 837 2386 instituturus.
865 2349 1022 2385 Subeunt
1040 2349 1123 2385 haec
1136 2347 1299 2385 scribenti
1314 2347 1417 2383 verba
1430 2346 1529 2383 Polit.
1544 2347 1603 2390 IV,
1617 2359 1651 2394 p.

407 2417 479 2450 430
498 2415 544 2450 C:
570 2415 659 2457 αὖθις
676 2418 712 2453 δὲ
729 2418 800 2464 περὶ
818 2423 874 2456 τῆς
891 2418 1038 2463 ἀνδρείας
1055 2417 1184 2452 κάλλιον
1204 2418 1306 2463 δίιμεν
1319 2441 1329 2458 ,
1348 2424 1436 2460 quae
1453 2412 1491 2449 C.
1510 2412 1650 2459 Dilthey

407 2480 521 2516 minus
553 2484 643 2515 recte
676 2483 830 2526 spectare
863 2482 980 2515 censet
1013 2478 1054 2514 ad
1083 2490 1172 2526 opus
1198 2478 1242 2514 de
1267 2477 1435 2525 Legibus,
1463 2477 1555 2526 quod
1579 2477 1649 2523 jam

406 2550 488 2581 tunc
521 2545 658 2581 Platoni
683 2545 908 2594 aliquomodo
935 2544 1153 2580 obversatum
1180 2543 1282 2580 fuerit
1308 2544 1455 2590 (Platon.
1482 2543 1647 2580 librorum

406 2611 448 2646 de
474 2612 580 2658 Legg.
608 2623 771 2655 examen,
797 2611 982 2658 Gottingae
1011 2612 1117 2647 1820.
1145 2613 1178 2647 4.
1208 2622 1240 2657 p.
1271 2610 1342 2656 17).
