1938 3248
873 375 928 417 17

274 510 409 555 quam
440 512 521 541 suo
554 497 736 542 nomine
769 496 975 557 loquitur
1007 492 1063 553 1),
1087 495 1327 554 tenuitque
1349 493 1517 552 dialogi

275 575 466 619 formam
504 576 551 621 in
584 576 810 636 plerisque
842 575 1054 620 omnibus
1087 575 1182 619 suis
1215 574 1419 634 scriptis,
1453 574 1520 617 ita

276 660 329 697 ut
354 654 459 712 jure
493 653 642 698 dictus
675 654 816 698 fuerit
848 653 900 698 de
930 668 1055 697 scena
1083 652 1363 711 philosophus
1411 652 1518 696 Dra-

276 731 493 775 maticum
537 730 763 775 scribendi
803 747 946 791 genus
989 731 1048 775 ad
1080 730 1399 789 quotidianum
1433 745 1519 774 ser-

276 824 456 853 monem
500 809 689 868 propius
733 808 906 854 accedit
949 809 1028 867 qui
1071 815 1236 853 natura
1267 824 1348 852 sua
1381 808 1518 867 negli-

277 886 457 944 gentior
489 893 559 930 est
589 893 635 930 et
668 885 852 930 liberior
886 883 944 943 2).
1011 885 1139 930 Nihil
1170 901 1197 929 a
1214 901 1348 930 scena
1363 885 1519 930 vivida

277 964 421 1022 magis
464 963 663 1008 alienum
706 964 867 1008 fuisset
909 979 1047 1022 quam
1092 963 1396 1008 intolerabilis
1440 964 1520 1007 illa

278 1048 509 1097 μονοτονία,
544 1055 634 1099 qua
662 1056 841 1100 semper
863 1048 909 1085 et
929 1041 1098 1098 ubique
1121 1040 1277 1085 eadem
1299 1041 1522 1085 vocabula

280 1117 450 1162 eodem
472 1117 629 1162 ordine
645 1123 930 1162 recurrerent
942 1153 953 1173 ,
972 1133 1055 1162 nec
1073 1132 1277 1176 unquam
1295 1118 1518 1163 circulum

282 1195 477 1240 eundem
510 1195 836 1255 egrederentur
869 1195 1167 1254 disputantes.
1205 1194 1433 1250 Quantam
1451 1211 1523 1240 cu-

282 1288 379 1317 ram
420 1273 551 1318 Plato
586 1274 797 1318 habuerit
829 1279 881 1317 ut
913 1273 1056 1317 oratio
1084 1272 1372 1332 dialogorum
1406 1280 1523 1318 esset

282 1351 495 1408 animata,
529 1359 716 1411 apparet
747 1352 893 1410 magis
926 1352 1064 1394 etiam
1086 1351 1205 1407 hinc,
1225 1350 1346 1409 quod
1365 1352 1524 1410 saepis-

282 1429 394 1473 sime
425 1429 472 1472 in
506 1443 640 1488 opere
674 1428 730 1473 de
759 1428 970 1489 Legibus,
990 1436 1036 1473 et
1052 1428 1160 1473 alibi
1177 1443 1371 1487 quoque,
1390 1429 1524 1473 collo-

283 1513 472 1565 quentes
515 1513 658 1550 semet
699 1507 820 1565 ipsos
853 1507 1183 1565 interrogantes
1216 1506 1525 1560 inducuntur,

283 1591 363 1628 aut
394 1584 507 1628 alios
542 1584 622 1642 qui
650 1599 741 1628 non
774 1583 955 1629 adsunt.
999 1584 1329 1644 Exemplorum
1348 1585 1525 1643 copiam

284 1662 508 1721 congessit
541 1668 587 1705 et
618 1661 849 1706 ordinavit
880 1661 1128 1707 Eduardus
1159 1662 1329 1707 Zeller:
1381 1661 1528 1707 Plato-

283 1741 437 1785 nische
455 1740 658 1797 Studien,
675 1741 911 1802 Tubingae
933 1744 1063 1787 1839.
1085 1745 1124 1787 8.
1142 1758 1184 1802 p.
1209 1745 1232 1786 7
1239 1743 1405 1798 9—84‚
1423 1757 1529 1800 quo-

335 1958 371 2001 1)
398 1955 535 2001 Dialogi
561 1956 670 1991 forma
697 1959 867 1995 assumta,
894 1956 922 1991 si
950 1956 1042 2003 quod
1071 1959 1310 2001 argumentum
1339 1955 1374 1990 in
1403 1958 1528 1989 utram·

285 2033 352 2070 qne
387 2023 516 2067 partem
554 2020 638 2056 verti
673 2024 805 2068 posset,
844 2020 1034 2056 rationibus
1070 2020 1152 2056 salis
1180 2020 1350 2062 excussis,
1378 2020 1526 2055 liberum

281 2087 450 2132 judicium
478 2086 670 2131 legentibus
697 2085 849 2131 permitti
878 2090 1020 2132 poterat.

337 2154 373 2198 2)
391 2152 482 2187 Hinc
496 2151 689 2198 explicandi
705 2154 785 2187 sunt
799 2151 897 2187 multi
919 2151 984 2187 loci
1003 2138 1183 2199 in'quibus
1202 2150 1343 2187 liberior
1360 2150 1527 2186 sermonis

287 2221 459 2252 structura
482 2221 543 2252 est.
572 2217 739 2264 Exempla
767 2217 857 2252 sacili
880 2229 984 2263 opera
1002 2216 1120 2263 colligi
1135 2220 1279 2263 possunt
1293 2228 1333 2251 ex
1349 2216 1527 2250 Indicibus

287 2281 578 2317 Stanbnumianis.
630 2281 744 2328 Hujus
780 2282 916 2327 generis
954 2286 1005 2317 est
1044 2282 1140 2317 locus
1178 2281 1236 2328 qui
1265 2280 1391 2327 legitur
1418 2281 1527 2327 Hipp.

287 2347 372 2382 Min.
397 2359 430 2394 p.
462 2348 532 2382 363
561 2347 610 2382 D:
636 2353 766 2396 παρέχω
792 2349 925 2396 ἐμαυτὸν
954 2351 1085 2396 λέγοντα
1111 2350 1148 2390 ὃ,
1176 2363 1208 2383 τι
1234 2348 1272 2383 ἅν
1298 2362 1346 2388 τις
1370 2348 1529 2395 βούληται

287 2415 328 2449 ὧν
368 2414 406 2448 ἄν
443 2430 496 2462 μοι
534 2417 577 2454 εἰς
613 2415 764 2456 ἐπίδειξιν
803 2418 1092 2462 παρεσκευασμένον
1131 2414 1175 2461 ᾖ;
1221 2412 1347 2447 clarius
1386 2410 1530 2446 dixisset

286 2483 415 2527 παρέχω
438 2480 570 2517 ἐμαυτὸν
590 2481 722 2527 λέγοντα
740 2480 757 2514 ’ὁ
774 2495 805 2516 τι
823 2479 862 2515 ἄν
880 2495 934 2528 μοι
951 2482 995 2520 εὶς
1011 2481 1162 2522 ἐπίδειξιν
1181 2482 1471 2526 παρεσκευασμένον
1491 2478 1527 2529 ᾗ.

288 2544 455 2579 Similiter
478 2544 680 2591 explicanda
708 2548 789 2580 sunt
815 2557 842 2581 e.
866 2557 898 2591 g.
930 2545 1036 2591 Gorg.
1059 2558 1092 2591 p.
1107 2547 1177 2580 449
1194 2545 1325 2586 B‚450
1341 2545 1386 2585 C,
1402 2543 1529 2590 Cratyl.

291 2612 361 2644 399
387 2610 436 2650 E,
464 2611 535 2644 422
561 2610 608 2651 D,
635 2610 787 2657 Euthyd.
816 2622 850 2658 p.
880 2611 949 2647 278
978 2612 1019 2646 A.

1347 2671 1372 2713 2
