1938 3248
886 372 940 418 51

288 496 449 553 etavit‚
494 512 633 557 quum
669 496 799 541 Plato
834 497 1022 540 alteram
1058 495 1195 539 etiam
1229 503 1427 555 partem,
1460 503 1529 542 ‹50-

287 589 506 631 γματικην,
550 590 663 633 quae
708 581 777 618 est
810 573 867 618 de
896 573 1136 632 Principiis
1170 589 1196 616 a
1229 573 1529 634 Pythagoreis

286 659 515 711 acceptam
532 651 783 695 tradiderit.
803 650 1045 695 Solennem
1063 649 1248 694 virtutis
1266 651 1312 694 in
1331 660 1528 711 quatuor

285 736 433 787 partes
462 729 826 774 distributionem
851 729 983 772 Plato
1003 727 1196 772 subinde
1214 728 1366 785 tradit,
1383 731 1529 775 veluti

285 805 395 865 Rep.
447 805 506 866 (p.
553 809 643 852 430
687 805 883 866 steph),
930 805 1065 865 Legg.
1108 804 1218 864 (630
1265 804 1528 868 Steph.){et

285 883 416 940 alibi,
451 891 495 927 et
528 883 649 943 apud
685 883 814 943 Diog.
848 883 996 927 Lae'rt.
1031 882 1098 926 III
1125 900 1132 925 :
1160 885 1218 927 80
1247 892 1445 929 sumtam
1469 903 1526 932 ex

286 961 675 1020 Pythagoreorum
715 961 942 1016 doctrina,
977 966 1030 1004 ut
1062 968 1252 1020 apparet
1285 963 1330 1005 in
1368 978 1526 1008 eorum

284 1039 549 1096 fragmentis
576 1038 700 1096 apud
729 1037 996 1093 Stobaeum,
1033 1037 1151 1081 Flor.
1172 1038 1193 1080 I
1217 1054 1258 1081 v.
1279 1055 1312 1082 c.
1333 1039 1526 1100 Theagis

285 1132 326 1175 p.
362 1118 536 1172 8ssl2,
570 1115 739 1174 Metopi
766 1132 809 1174 p.
843 1118 866 1158 7
881 1150 892 1171 ‚
927 1114 1099 1160 Cliniae
1132 1131 1173 1174 p.
1207 1116 1272 1159 8?
1301 1114 1356 1173 l).
1391 1118 1525 1179 Frag-

285 1201 437 1238 menta
480 1192 699 1237 librorum
738 1193 953 1252 Theagis‚
988 1192 1180 1251 Metopi,
1216 1192 1389 1239 Cliniae
1422 1205 1525 1255 post

284 1271 394 1314 alios
429 1269 475 1323 2)
507 1270 650 1313 edidit
683 1270 876 1314 Thomas
908 1268 1075 1314 Galeus
1099 1270 1147 1312 in
1176 1269 1393 1328 Opuseul.
1426 1289 1521 1334 my-

340 1436 371 1479 1)
416 1434 570 1469 Eandem
620 1433 820 1469 sententiam
871 1436 986 1469 tuetur
1037 1433 1098 1467 Vir
1139 1433 1226 1469 Clar.
1266 1435 1308 1470 ad
1351 1437 1524 1474 Phaedon.

284 1512 317 1545 p.
356 1499 445 1540 172,
479 1498 521 1533 ad
558 1498 671 1534 Posid.
708 1498 818 1533 Rhod.
847 1498 945 1545 reliq.
974 1510 1007 1544 p.
1039 1502 1120 1534 282.
1173 1503 1340 1536 Assensus
1367 1506 1418 1537 est
1445 1503 1525 1539 Viro

284 1565 446 1608 Summo,
486 1568 620 1609 praeter
647 1562 752 1607 alios,
781 1562 822 1597 V.
850 1563 1005 1597 Consult.
1039 1564 1153 1598 Groen
1182 1576 1244 1599 van
1272 1566 1461 1603 Prinsterer
1490 1569 1525 1605 in

284 1630 488 1676 Prosopogr.
522 1629 653 1665 Platon.
690 1642 766 1676 pag.
806 1632 863 1664 44.
906 1650 949 1655 —
980 1629 1106 1665 Galeus
1134 1631 1168 1665 in
1197 1631 1326 1678 Opusc.
1354 1634 1527 1680 Mytholo-

284 1695 370 1741 gieis
410 1697 535 1741 (1688)
575 1695 731 1730 exhibuit
753 1707 794 1729 ex
821 1695 967 1729 Stobaeo
993 1700 1124 1730 tantum
1157 1708 1195 1730 ea
1220 1696 1409 1743 fragmenta
1439 1712 1527 1747 quae

283 1760 318 1795 in
345 1761 547 1796 Sermonum
572 1760 671 1795 libris
697 1764 853 1805 exstant,
883 1760 1034 1805 neglexit
1059 1761 1205 1807 Eologas
1231 1762 1371 1798 Plenius
1384 1764 1526 1801 collecta

284 1830 364 1861 sunt
389 1827 424 1860 in
452 1837 554 1872 opere
584 1826 677 1872 quod
693 1826 912 1861 inscribitur:
933 1826 1226 1861 Jamblichus'life
1244 1828 1283 1862 of
1295 1829 1527 1876 Pythagoras,

283 1891 525 1938 accompanied
567 1892 610 1937 by
647 1891 831 1937 fragments
859 1891 898 1926 of
921 1891 978 1926 the
1005 1892 1128 1926 ethical
1157 1893 1310 1939 writings
1337 1895 1376 1929 of
1396 1897 1524 1932 certain

282 1960 537 2005 Pythagoreans
572 1977 619 1983 —
648 1977 690 1983 —
723 1977 768 1983 —-
803 1956 991 1991 translated
1027 1957 1071 2002 by
1110 1958 1173 1992 Th.
1199 1959 1346 2005 Taylor,
1371 1960 1524 1997 Londini

282 2025 375 2072 apud
408 2025 518 2071 Valpy
547 2025 650 2059 1818.
681 2025 712 2057 8.
740 2021 810 2056 Csr.
836 2022 938 2056 etiam
963 2022 1140 2068 Opuscula
1171 2024 1292 2060 Graec.
1324 2029 1422 2061 veter.
1451 2038 1524 2062 seu-

282 2091 428 2126 tentiosa
467 2094 499 2124 et
538 2088 695 2129 moralia,
728 2087 781 2122 ed.
822 2088 852 2121 J.
877 2086 980 2122 Conr.
1008 2087 1128 2122 Orelli.
1155 2109 1200 2115 —
1227 2089 1267 2123 In
1295 2090 1394 2125 Galei
1421 2104 1523 2138 opere

282 2156 374 2192 laud.
414 2168 447 2202 p.
488 2156 558 2191 704
593 2155 753 2200 leguntur
785 2154 935 2195 „Incerti
960 2153 1135 2198 cujusdam
1165 2154 1523 2205 dissertationesfflo·

282 2221 398 2262 rales’'‚
437 2233 542 2269 quare
582 2220 692 2255 obiter
732 2230 854 2254 moneo
891 2219 1010 2253 harum
1056 2219 1333 2256 dissertationum
1365 2222 1521 2260 Mamilio

283 2289 434 2334 Cagnato
476 2286 549 2331 (lib.
589 2286 641 2320 ΙΙΙ
684 2285 761 2320 Var.
798 2284 883 2334 ἱΟϋει.
922 2296 995 2330 cap.
1034 2285 1093 2331 VI)
1120 2289 1154 2320 et
1179 2287 1232 2320 Jo.
1260 2287 1326 2321 Alb
1365 2289 1521 2325 Fabricio

282 2352 392 2387 videri
420 2352 560 2386 Sextum
588 2350 861 2384 Chaeronensem
890 2349 1056 2407 Antonjni
1088 2350 1291 2397 Philosophi
1320 2353 1520 2399 magistrum

286 2418 365 2453 Vid.
400 2416 548 2452 Fabricii
587 2416 696 2452 Praef.
734 2415 776 2450 ad
817 2415 908 2451 Sext.
944 2416 1061 2463 Emp.‚
1087 2417 1179 2464 Lips.
1212 2418 1316 2454 1718.
1345 2421 1433 2456 Ibid.
1459 2434 1522 2468 pro

281 2491 389 2534 Μίμας
425 2489 490 2533 εἰμί
525 2484 638 2529 (Galei
671 2495 693 2529 p
734 2483 819 2527 729.)
846 2482 1030 2527 legendum
1059 2484 1158 2518 docet
1186 2485 1285 2520 Fahr.
1313 2492 1435 2534 μύστας
1459 2493 1524 2537 εἰμι’

281 2550 301 2586 i.
329 2562 358 2585 e.
384 2549 537 2585 initiatus
565 2561 653 2585 sum.

333 2618 366 2662 2)
394 2615 443 2650 Cf.
470 2616 601 2651 Fabrie.
632 2616 670 2651 B.
699 2617 819 2651 Graec.
849 2621 927 2652 tom.
957 2618 973 2651 Ι
1000 2630 1033 2664 p.
1066 2621 1134 2654 886
1163 2619 1216 2654 ed.
1245 2618 1341 2654 Harl.
