1938 3248
996 324 1054 367 24

399 448 488 492 493
534 462 597 505 sq.
645 445 932 490 solummodo
964 445 1120 490 attulit
1154 445 1241 505 adj.
1283 451 1510 503 φιλόνεικος
1539 461 1643 491 cum

397 524 562 579 deriv.‚
606 524 740 569 sicuti
784 524 832 568 ni
874 523 1009 568 fallor
1051 524 1220 583 ubique
1253 523 1390 570 habet
1423 523 1471 570 C.
1507 523 1554 570 C.
1590 523 1641 568 E.

399 602 643 648 Schneider
670 603 717 646 in
744 601 941 646 editione
970 601 1160 646 Politiae
1193 600 1248 658 1).
1299 600 1486 647 Codices
1514 602 1642 647 litem

399 681 613 725 dirimere
646 688 904 739 nequeunt,
940 681 1069 725 nulla
1095 681 1283 725 enim.in
1301 681 1429 725 libris
1445 681 1646 738 frequen-

400 759 490 804 tior
511 765 579 803 est
603 758 901 803 commutatio
923 773 1060 817 quam
1083 758 1254 803 vocalis
1279 782 1291 803 ι
1313 766 1360 803 et
1375 756 1647 818 diphthongi

401 859 451 892 ει,
482 852 598 896 quae
620 852 768 897 neque
784 837 832 880 in
849 836 1221 896 inscriptionibus
1239 838 1347 882 satis
1365 837 1649 897 distinguun-

403 922 491 960 tur.
504 915 756 960 Provocare
768 917 877 960 licet
889 915 947 960 ad
959 915 1265 961 Tischendorf
1265 917 1297 961 ii
1310 916 1650 960 annotationem

404 994 610 1039 criticam
632 995 680 1039 in
704 994 757 1039 N.
778 994 826 1038 T.
862 994 983 1039 Nota
1005 1001 1073 1039 est
1094 994 1306 1040 Lobeckii
1329 993 1649 1039 commentatio

404 1072 462 1117 dc
486 1072 721 1132 adjectivis
744 1074 790 1116 in
812 1095 870 1125 ιος
892 1081 938 1117 et-
957 1094 1034 1124 ειος
1056 1073 1343 1128 excuntibus,
1362 1072 1420 1117 ad
1440 1071 1649 1131 Sophocl.

405 1151 528 1210 Ajac.
568 1152 679 1206 108,
720 1157 766 1194 et
797 1151 942 1195 altera
974 1150 1083 1195 haec
1116 1149 1170 1193 V.
1207 1149 1336 1195 Doct.
1363 1148 1415 1195 G.
1441 1150 1650 1203 Harless,

406 1228 464 1273 de
496 1229 903 1287 significationibus
938 1228 1264 1272 vocabulorum
1289 1236 1456 1285 στρατία
1478 1235 1522 1272 et
1541 1248 1653 1285 στρα·

407 1315 493 1351 τεία
534 1307 580 1351 in
625 1306 840 1351 Zeitschr.
887 1306 915 1349 f.
949 1305 992 1349 d.
1026 1305 1226 1351 Alterth.
1262 1306 1331 1350 W.
1368 1306 1425 1350 ad
1455 1322 1496 1350 a.
1536 1307 1651 1350 1842

408 1400 450 1444 p.
471 1385 678 1440 55-60,
705 1399 851 1442 neque
868 1384 990 1428 enim
1007 1399 1187 1443 semper
1204 1400 1326 1429 mere
1344 1383 1655 1443 orthographi-

410 1478 507 1507 cam
524 1462 839 1507 difficultatem
858 1463 979 1521 parit
995 1463 1075 1506 illa
1094 1463 1264 1507 vocalis
1285 1485 1297 1507 ι
1318 1470 1365 1507 et
1382 1462 1655 1522 diphthongi

409 1564 441 1586 ει
473 1542 783 1587 commutatio.
813 1541 989 1587 Nomen
1007 1540 1063 1585 de
1080 1557 1171 1600 quo
1185 1543 1367 1601 >agimus
1372 1542 1470 1601 jam
1482 1548 1657 1586 veteres

410 1622 537 1665 vario
548 1620 684 1665 modo
697 1626 895 1665 vertunt.
915 1619 1072 1666 Cicero
1086 1620 1236 1665 vertit.
1252 1619 1495 1677 „vincendi
1507 1618 1659 1665 studio

413 1699 744 1744 inflammatus”
789 1698 912 1757 quod
958 1700 1089 1743 unice
1122 1700 1335 1744 convenit
1366 1706 1523 1743 nostro
1556 1699 1657 1742 loco

413 1785 459 1822 ct
491 1777 726 1821 nonnullis
761 1777 880 1832 aliis,
899 1792 935 1821 e.
955 1791 997 1834 g.
1017 1776 1150 1820 Polit.
1169 1793 1212 1835 p.
1233 1778 1321 1822 583
1341 1777 1407 1833 A,
1427 1778 1515 1821 586
1535 1775 1588 1820 D.
1607 1775 1656 1819 E.

414 1872 455 1914 p.
504 1856 590 1899 545
638 1854 692 1898 A.
759 1853 1038 1898 Themistius
1083 1861 1241 1899 contra
1280 1855 1327 1899 in
1372 1861 1484 1899 orat.
1518 1852 1562 1899 II
1606 1852 1663 1897 dc

415 1934 684 1984 Constantio
718 1932 997 1991 Imperatore
1031 1933 1188 1977 scribit
1216 1941 1284 1977 καὶ
1313 1940 1374 1979 ἔνι
1403 1941 1475 1990 μὲν
1501 1937 1663 1992 βασιλι-

417 2021 487 2059 κὸν
519 2021 562 2058 ἐν
592 2018 715 2068 αὐτῇ,
750 2018 811 2057 ἔνι
842 2017 884 2056 δὲ
915 2012 966 2056 αὖ
996 2016 1195 2067 θυμοειδὲς
1226 2020 1293 2056 καὶ
1322 2020 1566 2070 μαχητικὸν,
1601 2017 1662 2056 ἔνι

417 2096 459 2134 δὲ
504 2098 572 2134 καὶ
616 2095 735 2145 δῆμος
781 2092 904 2141 πολύς
947 2095 994 2133 et
1036 2080 1174 2149 paulo
1218 2090 1363 2134 serius
1406 2090 1573 2134 iterum
1621 2096 1664 2134 τὸ

417 2177 640 2227 μαχητικὸν
673 2177 739 2212 καὶ
770 2174 969 2223 θυμοειδές
1015 2167 1113 2226 (Cfr
1140 2168 1380 2213 Themistii
1403 2166 1665 2221 Orationes,

421 2244 497 2292 Gr.
533 2253 578 2291 ct
612 2246 708 2292 Lat.
745 2263 850 2291 cum
882 2247 1002 2292 notis
1035 2245 1077 2292 ·J.
1112 2246 1365 2303 Harduini,
1394 2245 1522 2290 Paris
1548 2247 1664 2290 1684
1736 2266 1743 2272 ·

477 2438 511 2479 1)
539 2436 692 2471 Platonis
728 2437 843 2482 Opera
870 2437 1008 2472 Graece.
1036 2438 1116 2472 Rec.
1142 2439 1176 2471 et
1203 2438 1330 2471 Annot.
1357 2426 1483 2469 Critica
1509 2434 1671 2470 instruxit

424 2501 501 2537 Car.
535 2501 619 2537 Ern.
654 2501 851 2550 christoph.
883 2501 1091 2545 Schneider,
1117 2499 1212 2549 Lips.
1244 2502 1348 2538 1830.
1377 2520 1424 2527 -
1450 2499 1530 2536 Tria
1556 2500 1672 2547 priora

426 2567 601 2606 volumina
625 2568 806 2604 continent
830 2567 1023 2604 Civitatem.
