1938 3248
1059 363 1085 407 8

443 487 565 546 quod
590 494 634 532 et
656 487 764 532 alibi
787 493 832 531 et
853 487 900 530 in
918 492 1128 531 veterum
1150 501 1332 531 morum
1349 487 1690 548 officiorumque

442 567 649 612 doctrina
681 568 853 611 factum
886 581 982 610 esse
1016 567 1239 610 novimus.
1274 566 1418 611 Erant
1438 568 1560 611 inter
1581 568 1691 612 anti·

441 660 556 705 quos
582 646 662 705 qui
692 659 989 705 quaecunque
1018 645 1301 705 susciperent
1317 645 1577 702 tractanda,
1595 646 1690 691 sive

443 723 499 768 de
531 724 758 779 moribus,
793 724 888 768 sive
920 722 976 767 de
1009 737 1217 768 sermone
1249 738 1307 769 ac.
1325 723 1613 779 disserendo,
1644 724 1690 768 in

443 803 554 847 artis
597 804 792 847 formam
834 802 1108 861 redigerent.
1175 801 1397 847 Universe
1431 803 1692 862 pronuntia-

442 886 543 925 tum
576 880 698 926 valet
731 896 837 926 sane
858 879 974 926 illud
986 879 1216 940 judicium
1234 880 1290 927 de
1307 880 1514 927 doctrina
1529 881 1690 926 morali

443 957 700 1007 Stoicorum
734 966 780 1005 et
807 960 1082 1006 Aristotelis
1121 960 1185 1005 At
1206 961 1255 1005 in
1278 959 1535 1006 Stoicorum
1558 960 1691 1005 sicuti

443 1039 490 1082 in
547 1038 952 1099 Peripateticorum
1006 1038 1214 1083 doctrina
1265 1037 1535 1098 exponenda
1577 1037 1691 1081 bene

444 1116 699 1162 caVendum
742 1125 812 1163 est
844 1133 900 1162 ne
933 1117 1230 1176 singulorum*
1255 1117 1422 1176 placita
1453 1117 1690 1175 permisce-

443 1210 574 1238 amus
612 1193 667 1251 1).
703 1195 771 1239 De
805 1194 965 1240 Stoicis
993 1195 1168 1254 primus
1197 1195 1282 1238 hoc
1308 1194 1417 1238 satis
1445 1191 1690 1238 attendisse

442 1271 612 1316 dicitur
643 1272 698 1317 V.
733 1271 851 1318 Glar.
883 1273 1180 1317 Tennemann
1208 1274 1256 1316 in
1280 1286 1437 1330 opere:
1462 1269 1621 1316 Gesch.
1646 1270 1688 1314 d.

442 1348 610 1393 Philos.
646 1355 753 1393 tom.
789 1349 868 1394 IV.
914 1347 1169 1410 Culpantur
1200 1346 1287 1395 hoc
1319 1351 1504 1395 nomine
1536 1348 1689 1394 Tiede-

442 1428 598 1472 manni
642 1426 851 1487 Systema
894 1428 1057 1487 philos.
1099 1427 1273 1473 Stoicae
1306 1435 1352 1473 et
1386 1428 1570 1487 scriptio
1603 1426 1691 1471 Ab-

442 1504 561 1550 batis
605 1505 648 1550 le
692 1505 918 1552 Batteux:
963 1504 1092 1551 Idees
1135 1506 1217 1551 des
1261 1506 1481 1553 Stoiciens
1525 1521 1604 1551 sur
1647 1506 1691 1550 la

444 1592 606 1628 nature
651 1584 708 1628 de
748 1586 866 1629 Dieu
899 1593 944 1629 et
977 1585 1039 1628 du
1074 1585 1236 1629 Destin
1269 1585 1316 1628 in
1349 1583 1521 1645 Opere:
1555 1583 1688 1629 Mem.

442 1662 498 1707 de
543 1662 714 1708 l'Acad.
760 1663 839 1709 des
884 1664 1023 1709 Inscr.
1064 1671 1110 1708 et
1142 1663 1291 1708 Belles
1325 1663 1527 1717 Lettres,
1562 1662 1689 1706 Tom.

443 1739 622 1794 XXXII
654 1756 755 1801 pag.
795 1743 894 1786 100.
946 1740 1167 1787 Universe
1201 1739 1376 1786 dictum
1408 1740 1691 1785 illustremus

443 1818 595 1862 verbis
638 1819 910 1863 Tertulliani
952 1819 1010 1863 de
1054 1820 1206 1863 anima
1238 1834 1332 1877 cap.
1372 1820 1456 1862 14:
1495 1817 1692 1861 Animus

444 1911 472 1940 a
498 1895 680 1941 Zenone
715 1894 938 1941 dividitur
970 1896 1018 1941 in
1046 1902 1163 1953 tres,
1196 1911 1319 1941 nunc
1346 1895 1394 1941 in
1422 1895 1624 1954 quinque
1646 1901 1692 1940 et

443 1975 492 2017 in
537 1989 617 2017 sex
650 1989 677 2017 a
705 1973 944 2030 Panaetio,
978 1975 1026 2018 in
1060 1981 1235 2034 septem
1268 1989 1295 2018 a
1324 1972 1495 2019 Sorano
1509 2008 1520 2029 ,
1554 1973 1691 2017 etiam

443 2052 491 2096 in
526 2058 629 2096 octo
661 2051 784 2111 apud
814 2051 1147 2112 Chrysippum,
1167 2053 1306 2097 etiam
1321 2053 1370 2096 in
1387 2067 1552 2096 novem
1568 2050 1691 2110 apud

445 2129 837 2189 Apollophanem,
867 2129 947 2175 sed
974 2137 1020 2175 et
1052 2131 1100 2175 in
1129 2130 1286 2176 decem
1319 2128 1442 2191 apud
1470 2126 1691 2188 quosdam

446 2208 700 2252 Stoicorum
712 2244 723 2265 ,
743 2216 789 2253 et
805 2210 852 2252 in
872 2209 986 2254 duas
1003 2210 1202 2269 amplius
1219 2208 1341 2268 apud
1358 2206 1691 2252 Posidonium.”

502 2405 536 2446 l)
572 2403 623 2439 Cf.
658 2405 691 2440 J.
726 2404 762 2440 C.
800 2405 947 2448 Hinkel,
986 2406 1029 2441 de
1065 2407 1167 2442 variis
1202 2406 1322 2442 formis
1348 2406 1524 2442 doctrinae
1551 2405 1693 2441 moralis

446 2467 751 2514 Peripateticorum
794 2481 903 2517 usque
942 2471 986 2506 ad
1027 2471 1225 2507 Ciceronem
1243 2499 1253 2515 ,
1293 2471 1472 2518 Marburgi
1513 2473 1618 2507 1839.
1659 2476 1692 2506 8.

447 2533 579 2569 Retulit
603 2533 647 2568 de
673 2534 734 2569 illo
761 2535 850 2571 libro
876 2536 917 2571 V.
948 2537 990 2574 D.
1015 2538 1054 2574 F.
1073 2537 1195 2573 Kaiser
1213 2537 1250 2573 in
1269 2537 1430 2574 Zeitschr.
1450 2537 1471 2576 f.
1493 2538 1514 2573 d
1546 2537 1691 2574 Alterth.

450 2600 563 2643 1842,
591 2611 626 2647 p.
655 2600 862 2638 526—530.
