1938 3248
1014 343 1070 386 52

416 464 525 508 thol.
553 464 678 524 phys.
699 463 827 508 ethic,
852 462 933 507 Ed.
953 463 1028 507 alt.
1048 463 1301 509 Amstelod.
1326 468 1456 512 1688.
1479 471 1518 511 8.
1539 466 1664 513 Gale-

416 559 491 587 um
521 549 709 606 ⁴secutus
726 543 860 586 liceat
879 549 1173 601 conspectum
1191 544 1299 588 dare
1317 546 1590 604 placitorum
1608 547 1664 591 de

413 630 611 680 quatuor
655 619 902 665 virtutibus
946 621 1174 680 primariis
1218 629 1262 667 et
1301 623 1438 668 animi
1475 623 1663 669 humani

414 698 661 754 divisione,
705 715 819 757 quae
865 700 908 742 in
955 697 1135 743 Stobaei
1181 699 1334 745 Floril.
1381 701 1449 746 tit.
1494 702 1538 757 I,
1573 701 1663 760 ΙΙΙ,

414 778 541 834 XLI,
588 778 676 833 IX,
712 778 981 822 tribuuntur
1022 777 1193 838 Theagi
1230 779 1539 839 Pythagoreo,
1575 779 1663 825 Me-

415 865 547 917 topo‚
593 855 766 902 Cliniae
810 864 854 901 et
898 856 1009 901 Polo
1059 859 1113 914 1).
1191 845 1319 902 Duae
1369 865 1477 903 sunt
1525 859 1665 904 animi

414 943 589 995 partes,
623 936 785 979 melior
819 943 864 978 et
895 935 1117 987 deterior,
1153 936 1297 979 altera
1331 937 1518 980 rationis
1546 952 1664 981 com·

414 1028 496 1073 pos
540 1020 632 1069 est,
676 1012 819 1057 altera
863 1028 1034 1072 expers
1114 1007 1410 1058 Illa'‘dicitur
1455 1011 1662 1071 λογισμός,

415 1092 526 1135 haec
559 1090 767 1134 bifariam
801 1090 1024 1135 dividitur
1058 1092 1103 1135 in
1138 1093 1255 1135 iram
1291 1099 1336 1135 et
1365 1075 1664 1151 cupiditatem

416 1178 613 1228 (θόμωσις,
645 1176 857 1226 ἐπιθυμία).
916 1169 1106 1215 Illarum
1150 1171 1350 1230 partium
1391 1171 1551 1215 melior
1584 1171 1663 1216 im-

334 1266 344 1277 *
414 1255 565 1308 perat,
600 1254 726 1307 paret
762 1247 973 1292 deterior.
1003 1248 1205 1308 Imperat
1239 1253 1421 1304 λογισμός
1452 1264 1483 1293 s.
1519 1264 1660 1294 mens.

414 1328 568 1373 Posita
623 1334 691 1371 est
735 1341 788 1369 ea
833 1327 878 1369 in
924 1326 1118 1371 hominis
1163 1327 1309 1385 capite
1354 1334 1572 1385 tanquam
1615 1328 1663 1372 in

414 1405 644 1467 pellucida
691 1404 892 1463 undique
929 1406 1132 1464 specula,
1183 1413 1228 1450 et
1276 1413 1454 1465 praeest
1487 1406 1661 1462 animo,

414 1486 530 1529 sicut
564 1483 784 1528 exercitui
817 1482 937 1535 dux;
972 1484 1152 1527 satelles
1170 1483 1266 1542 ejus
1284 1490 1352 1527 est
1369 1483 1436 1527 ira
1455 1491 1660 1540 (θύμωσις).

413 1563 519 1608 Tria
562 1576 729 1622 genera
771 1560 996 1605 bonorum
1041 1568 1168 1616 sunt,
1205 1577 1312 1606 nam
1345 1562 1575 1621 pertinent
1599 1550 1663 1606 'ea

415 1649 496 1686 aut
529 1641 586 1684 ad
621 1640 817 1683 hominis
851 1655 1037 1698 corpus,
1073 1648 1124 1684 ut
1157 1639 1441 1699 pulcritudo,
1467 1639 1659 1693 sanitas,

415 1722 534 1766 bona
566 1718 766 1778 corporis
800 1717 1019 1762 habitudo
1056 1722 1272 1776 (εὐεκτία),
1297 1733 1513 1761 sensuum
1530 1717 1660 1776 vigor

416 1801 698 1858 (εὐαισθασία),
732 1802 812 1839 aut
844 1794 901 1839 ad
934 1795 1150 1839 animum.
1217 1795 1373 1839 Animi
1406 1794 1524 1838 bona
1557 1800 1666 1838 sunt

415 1883 627 1935 φρόνασις,
657 1881 845 1931 ἀνδρεία,
879 1879 1136 1927 δικαιοσύναι,
1168 1883 1414 1931 σωφροσύνα.
1452 1871 1664 1932 Superest

413 1955 601 2000 tertium
644 1968 811 2013 genus,
847 1968 937 2010 quo
971 1968 1023 1997 ea
1056 1953 1372 2005 continentur,
1407 1965 1522 2008 quae
1555 1950 1664 1994 refe-

414 2042 580 2078 runtur
623 2031 681 2075 ad
732 2040 779 2075 τὰ
821 2035 954 2085 ἐκτός,
996 2046 1031 2074 e.
1067 2046 1107 2090 g.
1144 2034 1339 2084 πλοῦτος,
1387 2033 1508 2080 δόξα,
1548 2039 1662 2084 τιμά,

414 2118 608 2167 εὐγένεια.
668 2108 825 2152 Animi
858 2107 1081 2152 bonorum
1111 2123 1142 2151 s.
1162 2107 1389 2151 virtutum
1405 2104 1663 2164 principum

415 2203 630 2234 numerus
664 2187 950 2245 cognoscitur
981 2202 1038 2229 ex
1067 2185 1207 2229 animi
1231 2184 1435 2243 partium
1459 2197 1661 2226 numero.

415 2266 708 2325 Singularum
753 2264 874 2308 enim
919 2264 1057 2307 trium
1101 2261 1303 2321 partium
1335 2259 1542 2318 singulae
1577 2258 1662 2303 vir-

415 2351 537 2388 tutes
570 2349 689 2386 sunt.
751 2342 885 2387 Ratio
909 2341 1156 2399 cognitioni
1181 2344 1382 2398 praeest,
1407 2338 1472 2380 ira
1494 2336 1661 2392 robori,

474 2589 504 2632 1)
532 2586 600 2621 Csr.
629 2586 714 2621 Gale
742 2585 762 2620 l.
786 2585 807 2620 1.
835 2596 868 2631 p.
898 2584 1107 2620 659—703.
