1938 3248
838 362 893 404 91

246 484 304 529 ad
352 484 394 528 h.
442 484 469 529 l.
519 486 809 531 annotatione
857 485 1037 543 legitur.
1094 483 1136 542 1)
1203 483 1488 528 probabilius

246 562 364 607 duco
429 564 634 608 cubituln
694 564 785 608 Nili
852 564 916 607 ita
981 570 1070 608 κατ’
1115 571 1353 620 ἀντίφρασιν
1400 563 1489 607 (lic-

246 650 344 687 tum
403 644 540 687 fuisse
600 660 626 686 a
687 643 1033 687 difficultatibus
1082 659 1194 702 quas
1248 643 1491 702 praebebat

245 737 350 780 prae
394 722 574 777 ceteris,
620 737 756 780 quam
801 738 827 765 a
861 722 978 766 salso
1015 720 1059 779 2)
1095 737 1278 781 sapore,
1314 721 1391 779 qui
1426 721 1489 774 ei,

245 800 292 842 ni
325 801 470 855 fallor,
505 817 610 843 cum
643 802 801 844 ceteris
835 801 1064 844 cubitibus
1098 801 1353 844 eommunis
1381 807 1489 844 erat.

246 875 361 921 Cum
409 894 495 922 usu
539 878 748 922 vocabuli
792 883 937 932 γλυκύ,-
973 884 1129 922 nostro
1163 879 1262 922 loco
1297 878 1491 922 conferri

246 962 396 1015 potest
438 957 706 1017 significatio
757 955 1018 1001 stoliditatis
1051 972 1188 1016 quam
1222 955 1345 1016 apud
1377 956 1489 1000 alios

245 1035 509 1095 scriptores,
555 1035 747 1080 subinde
780 1050 959 1094 quoque
998 1034 1120 1095 apud
1147 1035 1386 1079 Platonem
1419 1035 1491 1079 ha·

245 1114 350 1170 bet,
399 1115 477 1173 qui
523 1130 575 1159 eo
614 1130 748 1159 sensu
793 1116 1060 1174 plerumque
1110 1122 1299 1173 usurpat
1344 1122 1487 1171 εὐήθης.

246 1190 370 1235 Gonf.
421 1192 658 1236 Ruhnken.
706 1193 761 1236 de
812 1193 895 1236 hoc
940 1209 1026 1237 usu
1070 1194 1192 1237 lectu
1226 1192 1491 1251 dignissima

245 1284 433 1313 monens
478 1269 534 1313 ad
557 1271 689 1315 Tim.
733 1270 867 1329 Soph.
904 1270 1052 1316 Lexic.
1089 1286 1130 1330 p.
1170 1272 1254 1313 111
1286 1269 1353 1314 ed.
1390 1269 1489 1328 Lip-

247 1347 428 1401 siensis⁷
485 1348 614 1405 cujus
675 1349 959 1391 annotationi
1024 1354 1076 1391 ut
1138 1347 1308 1405 aliquid
1372 1354 1492 1389 certe

246 1425 558 1484 exemplorum
595 1425 690 1484 ipse
725 1425 914 1481 addam,
949 1426 1038 1469 vid.
1074 1425 1400 1485 Palaephatus,
1436 1423 1492 1468 de

246 1501 464 1547 Incredib.
516 1519 551 1547 e.
603 1519 645 1561 g.
685 1502 731 1561 ξξ
774 1506 823 1558 9,
852 1506 937 1559 11,
974 1506 1055 1557 20,
1095 1506 1176 1557 21,
1213 1506 1294 1557 28,
1332 1505 1387 1546 29
1423 1501 1492 1545 ed.

248 1579 370 1625 Gale.
405 1605 466 1611 —·
501 1582 648 1636 Quare
685 1583 721 1625 si
755 1583 935 1640 quaeris
967 1589 1123 1626 utrum
1155 1583 1342 1640 vulgata
1359 1580 1492 1625 lectio

248 1674 350 1702 cum
397 1657 574 1703 Nabero
604 1666 757 1703 nostro
798 1659 1084 1704 sollicitanda
1112 1660 1192 1714 sit,
1227 1658 1492 1718 propensior

247 1751 346 1779 sum
382 1736 439 1779 ad
469 1736 727 1795 negandum
760 1753 897 1796 quam
931 1737 988 1781 ad
1021 1736 1354 1781 affirmandum.

243 1813 245 1815 ,
310 1813 537 1858 Phaedon.
573 1830 613 1873 p.
654 1817 706 1859 71
743 1814 790 1859 B.
827 1823 1027 1868 DIft'Couog
1065 1824 1138 1872 γὰρ
1172 1825 1398 1871 πράγματος
1425 1821 1491 1857 καὶ

248 1897 458 1942 ἐλάττονος
491 1899 642 1947 μέταξυ
681 1901 843 1949 αὔξησις
879 1904 944 1938 καὶ
980 1902 1117 1950 φθίσις.

310 1968 426 2014 Cum
460 1970 539 2013 illo
574 1971 672 2014 loco
701 1979 1032 2031 componantur
1055 1987 1169 2029 quae
1198 1970 1332 2013 habet
1366 1966 1493 2013 Ocel-

302 2145 336 2186 1)
375 2143 414 2178 In
441 2143 581 2177 Zenobii
608 2144 759 2189 epitome
786 2145 1046 2190 proverbiorum
1075 2144 1217 2190 Didymi
1246 2148 1279 2178 et
1305 2142 1491 2178 Tarrhaei:
1551 2173 1554 2176 ,

250 2209 306 2248 H·
336 2210 394 2252 92,
423 2208 594 2254 legimus:
620 2213 677 2248 τὴν
704 2214 876 2258 παροιμίαν
902 2214 994 2258 φησὶν
1021 2214 1164 2258 εἰρῆσθαι
1178 2211 1241 2245 ἀπὸ
1254 2215 1310 2245 τοῦ
1326 2212 1492 2256 λεγομένου

248 2282 370 2323 μακροῦ
397 2280 538 2322 ἀγκῶνος
562 2278 592 2311 ἐν
616 2284 658 2322 τῷ
688 2278 802 2322 Νείλῳ.
832 2278 912 2311 κατὰ
939 2279 1123 2323 ἀντίφρκσιν
1142 2305 1150 2318 ,
1171 2278 1243 2311 ἀντὶ
1261 2281 1317 2311 τοῦ
1336 2277 1495 2322 δυσχερής

249 2340 308 2374 ubi
338 2339 405 2375 vid.
432 2339 559 2375 Schott.
588 2339 651 2385 (cf.
680 2339 981 2387 Paroemiographi
1008 2340 1129 2375 Graeci
1156 2340 1210 2374 ed.
1239 2339 1362 2375 Thom.
1389 2338 1495 2373 Gaiss.

250 2406 362 2440 Oxou.
407 2407 511 2440 1836.
553 2409 572 2439 8
613 2417 646 2451 p.
681 2405 748 2441 277
778 2409 811 2439 et
839 2406 997 2440 Proverb.
1025 2417 1043 2439 e
1069 2405 1143 2440 cod.
1172 2405 1272 2440 Bodl.
1299 2416 1381 2439 num
1422 2406 1492 2438 314

250 2471 355 2506 (iaisf.
382 2482 459 2517 pag.
490 2472 561 2515 33.)

301 2540 337 2581 2)
364 2537 404 2572 V.
431 2536 530 2573 Doct.
556 2538 587 2572 S.
618 2538 656 2572 Α.
689 2536 805 2571 Naber
832 2536 969 2581 conjicit
997 2535 1217 2571 scribendum
1250 2548 1323 2570 esse
1342 2539 1492 2583 ἁλμυροῦ.

253 2602 332 2638 Vid.
363 2602 434 2648 ejus
457 2602 592 2649 egregia
619 2601 809 2649 disputatio
832 2614 936 2649 supra
963 2601 1118 2644 laudata,
1150 2614 1182 2650 p.
1215 2603 1266 2636 19.
