1938 3248
859 351 916 393 93

265 471 560 529 Theodoret.‚
599 473 656 518 ad
686 472 880 518 Graecos
914 474 956 518 V
990 489 1031 533 p.
1070 475 1125 518 73
1167 468 1314 534 S'ylb.;
1355 473 1511 529 Philo,

266 550 322 594 de
354 551 514 595 mundi
547 553 707 595 incorr.
733 567 775 611 p.
796 553 883 595 509
910 551 1058 610 Mang.
1075 587 1084 607 ,
1104 552 1357 596 secundum
1376 568 1511 610 quem

265 635 362 671 erat
404 629 480 672 ille
517 637 694 684 οΐόμενος
727 639 861 687 ψυχὴν
898 632 1001 674 tium
1039 638 1082 673 τὸ
1113 641 1278 684 πνεῦμα.
1348 630 1513 674 Scribit

266 706 558 762 Aristoteles,
631 707 687 750 de
752 708 904 751 anima
963 707 983 751 Ι
1044 723 1139 767 cap.
1209 710 1258 751 5:
1310 719 1437 754 Τοῦτο
1468 715 1510 753 δὲ

266 790 432 829 πέπονθε
477 794 542 829 καὶ
586 795 605 828 0'
645 794 685 830 ἐν
727 796 807 836 τοῖς
846 792 1050 841 Ὀρφικοῖς
1100 790 1362 841 καλουμένοις
1403 794 1510 831 ἔπεσι

267 862 719 918 [circumferebantur
777 862 881 907 libri
943 862 1138 922 Orphei:
1194 863 1326 907 Polit.
1378 864 1420 907 II
1469 881 1511 924 p.

268 942 356 985 364
398 941 434 985 Ε
473 941 644 1001 steph]
689 947 816 997 λόγος·
861 951 953 999 φησὶ
989 951 1062 997 γάρ
1100 953 1170 999 τὴν
1203 954 1337 1003 ψυχὴν
1371 953 1413 989 ἐκ
1446 957 1512 990 τοῦ

265 1025 361 1064 ὅλου
406 1026 590 1075 εῗςιέναι,
625 1027 911 1067 ἀναπνεόντων
950 1028 1170 1078 φερομένην
1200 1030 1275 1067 ὑπὸ
1307 1033 1386 1068 τῶν
1417 1029 1511 1068 οἰνέ-

266 1121 363 1154 μων.

333 1176 560 1222 Phaedon.
606 1194 647 1237 p.
701 1179 756 1221 81
808 1178 857 1222 E.
904 1178 1079 1222 animos
1129 1178 1367 1222 hominum
1412 1187 1515 1239 post

269 1263 461 1299 mortem
496 1255 690 1314 migrare
724 1262 878 1300 monet
911 1264 965 1307 εἷς
996 1262 1148 1301 τοιαῦτ’
1178 1266 1258 1312 ἢθη,
1288 1263 1394 1302 ὁποῖ’
1422 1264 1512 1302 ἄττ’

267 1344 318 1380 ἂν
365 1343 430 1378 καὶ
474 1339 782 1389 μεμελητηκυῖαι
833 1344 999 1390 τύχωσιν
1045 1343 1086 1379 ἐν
1124 1346 1177 1390 τῷ
1206 1343 1283 1391 βίῳ
1312 1364 1364 1370 -
1389 1364 1514 1371 —-——-

269 1416 353 1457 οἷον
401 1420 489 1462 τούς
518 1420 591 1467 μὲν
624 1419 939 1468 γαστριμαργίας
971 1433 1010 1455 τε
1042 1420 1107 1456 καὶ
1137 1419 1268 1469 ὕβρεις
1300 1421 1365 1456 καὶ
1397 1402 1513 1467 φιλο,-

269 1497 410 1540 ποσίας
456 1494 774 1544 μεμελητηκότας
819 1497 885 1532 καὶ
925 1499 975 1544 μὴ
1007 1493 1346 1547 διευλαβημένους
1377 1498 1430 1541 εἷς
1465 1499 1513 1534 τὰ

269 1577 347 1611 τῶν
391 1576 493 1612 ὄνων
539 1574 635 1623 γένη
685 1576 750 1611 καὶ
797 1578 874 1612 τῶν
920 1576 1109 1612 τοιούτων
1145 1575 1283 1623 θηρίων
1316 1576 1417 1618 εΐκός
1445 1576 1512 1613 ἐν-

269 1651 420 1693 δύεσθαι
462 1654 541 1690 κτὲ.

331 1723 486 1768 Monet
517 1723 558 1768 J.
595 1724 649 1768 V.
683 1724 723 1767 le
757 1722 907 1778 Clerc,
945 1723 996 1767 V.
1026 1721 1116 1768 CL:
1146 1723 1511 1782 Platonacongzu

270 1803 310 1846 le
344 1802 539 1861 premier
571 1818 658 1860 que
687 1802 846 1857 rame,
877 1801 1058 1861 Separee
1093 1800 1154 1845 du
1190 1816 1344 1860 corps,
1363 1802 1512 1846 arrive

268 1880 296 1922 ἐι
340 1896 428 1923 une
472 1887 600 1923 autre
641 1881 711 1923 vie
745 1880 858 1923 dans
892 1881 934 1923 le
973 1881 1120 1923 meme
1154 1880 1247 1923 estat
1280 1881 1424 1923 moral
1454 1879 1513 1922 οὴ

267 1959 324 2002 l’a
356 1958 515 2003 laissee
549 1959 591 2002 le
619 1965 821 2002 moment
854 1957 909 2002 de
943 1958 986 2001 la
1018 1963 1149 2001 mort.
1179 1955 1261 2014 (Of.
1298 1957 1339 2001 le
1358 1956 1512 2013 Clerc,

271 2036 461 2081 Pensees
511 2035 566 2080 de
601 2036 788 2091 Platon,
825 2035 972 2092 Paris,
1011 2037 1141 2080 1819.
1178 2038 1217 2079 8.
1252 2051 1351 2095 pag.
1391 2035 1510 2093 196).

272 2115 508 2158 Platonem
551 2130 642 2157 non
683 2115 879 2172 primum
927 2115 991 2157 ita
1034 2114 1243 2157 statuisse
1293 2120 1418 2172 patet
1451 2130 1509 2157 ex

269 2192 434 2237 fabulis
468 2191 523 2236 de
556 2193 732 2237 inferis:
772 2190 933 2251 Odyss.
968 2191 1033 2236 XI
1069 2210 1077 2236 :
1122 2193 1234 2247 568,
1255 2192 1371 2247 572,
1392 2193 1510 2245 601;

269 2269 333 2313 XI
374 2287 382 2313 :
430 2271 672 2314 565—627
718 2270 786 2329 (Ρ).
835 2269 1029 2314 Videtur
1061 2277 1214 2313 noster
1246 2275 1513 2329 metempsy-

270 2349 393 2393 chosi
436 2356 654 2407 tanquam
698 2349 893 2408 imagine
937 2365 1071 2392 usum
1109 2364 1205 2392 esse
1255 2348 1387 2392 sortis
1425 2348 1514 2391 ani-

271 2443 448 2472 morum
481 2428 684 2483 futurae,
717 2443 863 2487 neque
891 2444 987 2472 eam
1018 2428 1198 2488 proprie
1222 2427 1512 2481 intellexisse,

270 2508 404 2550 sicuti
444 2506 799 2566 Neoplatonicus
827 2522 937 2551 saec.
979 2507 1050 2562 ΙΙ,
1087 2507 1134 2550 L.
1176 2507 1427 2565 Appuleju‘s
1466 2506 1510 2549 in

272 2585 316 2628 in
362 2584 657 2645 Metamorph.
709 2601 741 2629 S.
793 2585 848 2630 de
882 2586 1007 2629 asino
1042 2601 1189 2629 aureo.
1258 2583 1512 2628 Phaedonis
