1938 3248
1017 369 1072 413 14

414 493 553 537 ficum
597 491 709 536 ordo
763 492 830 548 1),
880 491 1166 550 singulorum
1219 492 1432 539 ordinum
1471 496 1663 554 peculia·

414 586 486 614 res
535 570 730 614 virtutes
773 569 832 613 ad
880 585 980 613 eam
1024 570 1279 629 analogiam
1324 586 1371 615 se
1405 573 1661 632 excipiunt,

413 656 643 708 postremo
677 648 885 707 sequitur
917 663 992 702 ea,
1018 663 1135 706 quae
1153 647 1211 692 ad
1228 664 1385 693 omnes
1402 665 1548 708 aeque
1564 666 1660 710 per-

412 727 528 772 tinet
576 743 609 770 s.
654 727 847 785 justitia.
914 725 1048 770 Dicat
1091 726 1194 785 quis
1228 741 1376 786 neque
1409 734 1660 788 temperan-

412 806 524 850 tiam
575 812 863 864 (σωφροσύνην)
914 820 1009 848 esse
1053 805 1133 847 uni
1168 804 1350 848 cuidam
1384 806 1661 865 reipublicae

412 884 533 943 parti
564 883 814 943 propriam,
840 881 917 927 sed
936 898 1126 942 regnare
1139 898 1239 927 eam
1251 898 1334 943 per
1350 899 1506 928 omnes
1524 884 1660 941 civeS‚

412 961 705 1019 multumque
737 961 864 1005 abest
897 969 949 1005 ut
982 961 1244 1020 perhibeam
1278 962 1510 1006 civitatem
1549 969 1660 1006 tem-

413 1046 648 1099 perantem
708 1055 826 1095 esse,
876 1040 1010 1084 sicuti
1060 1040 1241 1099 sapiens
1290 1048 1337 1084 et
1386 1041 1518 1085 fortis
1568 1048 1659 1095 est,

411 1123 519 1174 μέρει
550 1125 631 1162 τινὶ
662 1125 805 1171 ἑαυτῆς
836 1116 969 1161 Polit-
1004 1117 1071 1161 IV
1098 1133 1141 1177 p.
1177 1120 1266 1162 442
1301 1117 1339 1162 Β
1365 1117 1419 1173 C,
1439 1134 1481 1177 p.
1500 1120 1588 1162 431
1609 1118 1659 1173 E,

412 1201 614 1238 attamen
663 1194 726 1237 rei
772 1194 888 1238 ratio
928 1194 1092 1253 probat
1125 1195 1312 1239 tertium
1352 1195 1558 1239 ordinem
1585 1211 1660 1254 po-

412 1272 642 1317 tissimum
706 1270 763 1314 ad
830 1281 1086 1329 σωφροσιίνην
1149 1273 1484 1318 instituendum
1542 1289 1660 1328 esse,

412 1352 459 1394 in
508 1366 561 1395 eo
604 1350 750 1409 magis
798 1365 936 1408 quam
985 1351 1032 1394 in
1082 1351 1242 1395 ceteris
1290 1366 1390 1396 eam
1439 1351 1660 1396 virtutem

412 1428 658 1474 desiderari
708 1425 766 1484 2).
845 1426 903 1472 Ni
951 1429 1087 1473 fallor
1134 1429 1251 1473 illud
1299 1445 1390 1474 non
1440 1429 1549 1474 satis
1599 1436 1661 1473 at-

412 1506 562 1551 tendit
600 1505 830 1550 Rixnerus
875 1505 1150 1564 (Handbuch
1191 1506 1233 1551 d.
1280 1505 1438 1552 Gesch.
1479 1506 1521 1550 d.
1558 1506 1660 1551 Phi-

412 1586 493 1629 los.
545 1593 653 1630 tom.
700 1583 720 1627 I
769 1600 811 1643 p.
867 1585 973 1642 198)
1018 1585 1257 1630 Platonem
1301 1585 1491 1645 culpans
1534 1585 1658 1643 quod

414 1664 487 1708 hie
526 1664 678 1707 minus
718 1669 838 1706 recte
878 1664 1226 1722 temperantiam
1271 1663 1557 1722 praemiserit
1593 1663 1663 1721 ju-

414 1742 589 1796 stitiae,
624 1756 754 1795 nam,
789 1740 853 1784 ita
891 1741 967 1785 ille
981 1775 991 1795 ,
1020 1741 1202 1799 justitia
1229 1757 1253 1786 e
1272 1741 1495 1801 sapientia
1511 1748 1558 1784 et
1578 1740 1663 1784 for-

413 1819 613 1864 titudine
656 1825 838 1863 tantum
872 1825 1075 1875 constat,
1110 1819 1413 1879 temperantia
1440 1834 1548 1863 vero
1581 1818 1662 1862 illa

414 1900 600 1943 demum
629 1899 832 1942 efficitur.
900 1896 1060 1957 Gignit
1091 1898 1279 1957 quidem
1313 1897 1659 1957 temperantiam

406 1978 588 2037 justitia
600 2013 610 2033 ,
647 1976 727 2021 sed
745 1983 933 2021 eatenus
947 2012 957 2032 ,
977 1983 1205 2035 quatenus
1223 1976 1361 2021 etiam
1379 1976 1600 2036 sapientia
1616 1983 1662 2020 et

413 2055 635 2101 fortitudo
653 2070 707 2100 ex
722 2070 774 2099 ea
785 2062 1036 2100 nascuntur
1050 2055 1110 2113 3).
1131 2054 1256 2100 Ordo
1269 2055 1453 2100 illarum
1465 2060 1662 2112 quatuor

467 2287 500 2329 1)
526 2284 740 2329 Indagantur
757 2283 810 2319 illi
829 2285 864 2319 in
883 2284 1030 2320 Civitate
1049 2285 1122 2320 Pol.
1143 2284 1177 2319 11
1197 2296 1231 2330 p.
1252 2284 1324 2320 374
1338 2303 1386 2309 —
1404 2282 1457 2318 111
1476 2294 1508 2329 p.
1528 2283 1599 2317 412
1619 2282 1659 2317 B.

463 2352 499 2393 2)
525 2349 592 2384 Die
618 2349 825 2396 Miissigung
852 2350 898 2385 ist
929 2350 1131 2396 allgemein,
1158 2349 1240 2385 aber
1265 2348 1316 2384 sie
1341 2347 1448 2384 findet
1475 2346 1662 2383 boeonders

412 2417 501 2450 Statt
531 2415 567 2450 in
603 2416 795 2461 Ansehung
824 2416 886 2451 des
917 2416 1046 2451 dritten
1077 2415 1223 2451 Standes
1254 2415 1316 2449 der
1341 2414 1506 2450 zuniichst
1532 2425 1599 2448 nur
1625 2414 1659 2447 in

413 2481 603 2516 Harmonia
633 2493 675 2516 zu
711 2481 855 2527 bringen
891 2482 946 2518 ist.
999 2482 1110 2517 Verba
1140 2485 1221 2516 sunt
1250 2480 1387 2525 Hegelii
1413 2480 1470 2515 in:
1511 2479 1660 2514 Vorless.

413 2546 495 2581 iiber
526 2546 583 2581 die
618 2547 743 2583 Gesch.
775 2548 808 2583 d.
844 2548 969 2584 Philos.
1000 2549 1042 2583 ed
1088 2547 1271 2589 Michelet,
1301 2551 1383 2582 tom.
1419 2546 1472 2586 ΙΙ,
1511 2557 1542 2591 p.
1576 2546 1659 2580 282.

463 2614 500 2658 3)
527 2612 793 2659 Quaternarium
822 2627 1002 2651 numerum
1030 2615 1195 2650 virtutum
1221 2612 1417 2660 principum
1442 2610 1594 2647 Platonis
1612 2622 1661 2646 re-
