<?xml version="1.0" encoding="UTF-8"?>
<!DOCTYPE html PUBLIC "-//W3C//DTD XHTML 1.0 Transitional//EN"
    "http://www.w3.org/TR/xhtml1/DTD/xhtml1-transitional.dtd">
<html xmlns="http://www.w3.org/1999/xhtml" xml:lang="en" lang="en">
 <head>
  <title>
</title>
<meta http-equiv="Content-Type" content="text/html;charset=utf-8" />
  <meta name='ocr-system' content='tesseract 3.04.00' />
  <meta name='ocr-capabilities' content='ocr_page ocr_carea ocr_par ocr_line ocrx_word'/>
</head>
<body>
  <div class='ocr_page' id='page_1' title='image "4737914_0052.png"; bbox 0 0 1938 3248; ppageno 0'>
   <div class='ocr_carea' id='block_1_1' title="bbox 1015 363 1073 409">
    <p class='ocr_par' dir='ltr' id='par_1_1' title="bbox 1015 363 1073 409">
     <span class='ocr_line' id='line_1_1' title="bbox 1015 363 1073 409; baseline 0.017 -1"><span class='ocrx_word' id='word_1_1' title='bbox 1015 363 1073 409; x_wconf 77' lang='lat'><strong>36</strong></span> 
     </span>
    </p>
   </div>
   <div class='ocr_carea' id='block_1_2' title="bbox 418 481 1666 1166">
    <p class='ocr_par' dir='ltr' id='par_1_2' title="bbox 418 481 1666 1166">
     <span class='ocr_line' id='line_1_2' title="bbox 422 481 1666 547; baseline -0.002 -15"><span class='ocrx_word' id='word_1_2' title='bbox 422 487 541 547; x_wconf 84' lang='lat' dir='ltr'><strong>Ang.</strong></span> <span class='ocrx_word' id='word_1_3' title='bbox 575 486 636 544; x_wconf 90' lang='lat' dir='ltr'><strong>B,</strong></span> <span class='ocrx_word' id='word_1_4' title='bbox 682 486 828 532; x_wconf 86' lang='lat' dir='ltr'><strong>Vatic.</strong></span> <span class='ocrx_word' id='word_1_5' title='bbox 858 485 939 542; x_wconf 93' lang='lat' dir='ltr'><strong>H.‚</strong></span> <span class='ocrx_word' id='word_1_6' title='bbox 975 484 1093 529; x_wconf 89' lang='lat' dir='ltr'><strong>Flor.</strong></span> <span class='ocrx_word' id='word_1_7' title='bbox 1124 483 1179 529; x_wconf 89' lang='lat' dir='ltr'><strong>A.</strong></span> <span class='ocrx_word' id='word_1_8' title='bbox 1209 481 1257 530; x_wconf 85' lang='lat' dir='ltr'><strong>G.</strong></span> <span class='ocrx_word' id='word_1_9' title='bbox 1288 482 1360 540; x_wconf 90' lang='lat' dir='ltr'><strong>F.,</strong></span> <span class='ocrx_word' id='word_1_10' title='bbox 1394 483 1533 530; x_wconf 90' lang='lat' dir='ltr'><strong>Ficin.</strong></span> <span class='ocrx_word' id='word_1_11' title='bbox 1563 485 1666 530; x_wconf 85' lang='lat' dir='ltr'><strong>offe·</strong></span> 
     </span>
     <span class='ocr_line' id='line_1_3' title="bbox 419 561 1666 621; baseline -0.002 -11"><span class='ocrx_word' id='word_1_12' title='bbox 419 573 529 610; x_wconf 85' lang='lat' dir='ltr'><strong>runt-</strong></span> <span class='ocrx_word' id='word_1_13' title='bbox 573 566 814 610; x_wconf 90' lang='lat' dir='ltr'><strong>lectionem</strong></span> <span class='ocrx_word' id='word_1_14' title='bbox 854 575 926 620; x_wconf 78' lang='grc' dir='ltr'><strong>τὴν</strong></span> <span class='ocrx_word' id='word_1_15' title='bbox 959 569 1084 619; x_wconf 78' lang='grc' dir='ltr'><em>αὐτήν</em></span> <span class='ocrx_word' id='word_1_16' title='bbox 1098 599 1107 615; x_wconf 94' lang='grc'>,</span> <span class='ocrx_word' id='word_1_17' title='bbox 1136 578 1276 621; x_wconf 84' lang='lat' dir='ltr'><strong>quam</strong></span> <span class='ocrx_word' id='word_1_18' title='bbox 1308 569 1423 607; x_wconf 86' lang='lat' dir='ltr'><strong>teste</strong></span> <span class='ocrx_word' id='word_1_19' title='bbox 1453 561 1666 608; x_wconf 82' lang='lat' dir='ltr'><strong>Schleier-</strong></span> 
     </span>
     <span class='ocr_line' id='line_1_4' title="bbox 418 641 1666 701; baseline -0.002 -12"><span class='ocrx_word' id='word_1_20' title='bbox 418 644 631 690; x_wconf 89' lang='lat' dir='ltr'><strong>machero</strong></span> <span class='ocrx_word' id='word_1_21' title='bbox 652 651 832 690; x_wconf 84' lang='lat' dir='ltr'><strong>secutae</strong></span> <span class='ocrx_word' id='word_1_22' title='bbox 850 650 959 688; x_wconf 88' lang='lat' dir='ltr'><strong>sunt</strong></span> <span class='ocrx_word' id='word_1_23' title='bbox 975 641 1254 701; x_wconf 81' lang='lat' dir='ltr'><strong>antiquiores</strong></span> <span class='ocrx_word' id='word_1_24' title='bbox 1271 641 1666 701; x_wconf 81' lang='lat' dir='ltr'><strong>interpretationes</strong></span> 
     </span>
     <span class='ocr_line' id='line_1_5' title="bbox 420 717 1666 780; baseline -0.003 -13"><span class='ocrx_word' id='word_1_25' title='bbox 420 721 713 767; x_wconf 81' lang='lat' dir='ltr'><strong>Germanicae</strong></span> <span class='ocrx_word' id='word_1_26' title='bbox 735 722 791 778; x_wconf 89' lang='lat'><strong>1).</strong></span> <span class='ocrx_word' id='word_1_27' title='bbox 821 721 1069 780; x_wconf 84' lang='lat' dir='ltr'><strong>Vulgatam</strong></span> <span class='ocrx_word' id='word_1_28' title='bbox 1091 720 1283 764; x_wconf 83' lang='lat' dir='ltr'><strong>retinuit</strong></span> <span class='ocrx_word' id='word_1_29' title='bbox 1305 717 1403 763; x_wconf 86' lang='lat' dir='ltr'><strong>Car.</strong></span> <span class='ocrx_word' id='word_1_30' title='bbox 1423 719 1529 763; x_wconf 82' lang='lat' dir='ltr'><strong>Em.</strong></span> <span class='ocrx_word' id='word_1_31' title='bbox 1542 719 1666 764; x_wconf 82' lang='lat' dir='ltr'><strong>Chri-</strong></span> 
     </span>
     <span class='ocr_line' id='line_1_6' title="bbox 419 797 1664 860; baseline 0 -16"><span class='ocrx_word' id='word_1_32' title='bbox 419 801 566 860; x_wconf 88' lang='lat' dir='ltr'><strong>stoph.</strong></span> <span class='ocrx_word' id='word_1_33' title='bbox 594 800 864 857; x_wconf 86' lang='lat' dir='ltr'><strong>Schneider,</strong></span> <span class='ocrx_word' id='word_1_34' title='bbox 893 800 1029 845; x_wconf 85' lang='lat' dir='ltr'><strong>sicuti</strong></span> <span class='ocrx_word' id='word_1_35' title='bbox 1062 806 1197 844; x_wconf 84' lang='lat' dir='ltr'><strong>antea</strong></span> <span class='ocrx_word' id='word_1_36' title='bbox 1219 799 1318 844; x_wconf 86' lang='lat' dir='ltr'><strong>Ast.</strong></span> <span class='ocrx_word' id='word_1_37' title='bbox 1348 798 1487 844; x_wconf 83' lang='lat' dir='ltr'><strong>Bekk.</strong></span> <span class='ocrx_word' id='word_1_38' title='bbox 1506 797 1664 844; x_wconf 83' lang='lat' dir='ltr'><strong>Stallb.</strong></span> 
     </span>
     <span class='ocr_line' id='line_1_7' title="bbox 418 877 1665 937; baseline -0.002 -15"><span class='ocrx_word' id='word_1_39' title='bbox 418 878 482 921; x_wconf 90' lang='lat' dir='ltr'><strong>At</strong></span> <span class='ocrx_word' id='word_1_40' title='bbox 508 879 741 937; x_wconf 80' lang='lat' dir='ltr'><strong>postulare</strong></span> <span class='ocrx_word' id='word_1_41' title='bbox 768 878 881 922; x_wconf 89' lang='lat' dir='ltr'><strong>mihi</strong></span> <span class='ocrx_word' id='word_1_42' title='bbox 908 877 1095 922; x_wconf 86' lang='lat' dir='ltr'><strong>videtur</strong></span> <span class='ocrx_word' id='word_1_43' title='bbox 1110 877 1200 921; x_wconf 90' lang='lat' dir='ltr'><strong>loci</strong></span> <span class='ocrx_word' id='word_1_44' title='bbox 1215 892 1375 921; x_wconf 83' lang='lat' dir='ltr'><strong>sensus</strong></span> <span class='ocrx_word' id='word_1_45' title='bbox 1393 883 1446 921; x_wconf 88' lang='lat' dir='ltr'><strong>ut</strong></span> <span class='ocrx_word' id='word_1_46' title='bbox 1462 877 1665 936; x_wconf 85' lang='lat' dir='ltr'><strong>legamus</strong></span> 
     </span>
     <span class='ocr_line' id='line_1_8' title="bbox 419 954 1666 1013; baseline -0.002 -13"><span class='ocrx_word' id='word_1_47' title='bbox 419 967 490 1012; x_wconf 77' lang='grc' dir='ltr'><strong>τὴν</strong></span> <span class='ocrx_word' id='word_1_48' title='bbox 512 962 651 1010; x_wconf 77' lang='grc' dir='ltr'><em>αὐτήν.</em></span> <span class='ocrx_word' id='word_1_49' title='bbox 682 961 742 999; x_wconf 85' lang='lat' dir='ltr'><strong>‘H</strong></span> <span class='ocrx_word' id='word_1_50' title='bbox 759 961 845 1012; x_wconf 79' lang='grc' dir='ltr'><strong>ὀρθὴ</strong></span> <span class='ocrx_word' id='word_1_51' title='bbox 869 961 981 1007; x_wconf 82' lang='grc' dir='ltr'><strong><em>δόξα,</em></strong></span> <span class='ocrx_word' id='word_1_52' title='bbox 1002 969 1111 999; x_wconf 84' lang='lat' dir='ltr'><strong>vera</strong></span> <span class='ocrx_word' id='word_1_53' title='bbox 1128 955 1281 1013; x_wconf 89' lang='lat' dir='ltr'><strong>opinio</strong></span> <span class='ocrx_word' id='word_1_54' title='bbox 1298 969 1437 1012; x_wconf 86' lang='lat' dir='ltr'><strong>quam</strong></span> <span class='ocrx_word' id='word_1_55' title='bbox 1455 954 1585 998; x_wconf 89' lang='lat' dir='ltr'><strong>Plato</strong></span> <span class='ocrx_word' id='word_1_56' title='bbox 1602 954 1666 998; x_wconf 82' lang='lat' dir='ltr'><strong>ita</strong></span> 
     </span>
     <span class='ocr_line' id='line_1_9' title="bbox 419 1029 1665 1092; baseline -0.002 -15"><span class='ocrx_word' id='word_1_57' title='bbox 419 1039 567 1089; x_wconf 83' lang='lat' dir='ltr'><strong>vocat,</strong></span> <span class='ocrx_word' id='word_1_58' title='bbox 601 1038 892 1092; x_wconf 82' lang='lat' dir='ltr'><strong>comparatur</strong></span> <span class='ocrx_word' id='word_1_59' title='bbox 923 1031 1046 1076; x_wconf 85' lang='lat' dir='ltr'><strong>bona</strong></span> <span class='ocrx_word' id='word_1_60' title='bbox 1074 1030 1343 1076; x_wconf 84' lang='lat' dir='ltr'><strong>educatione</strong></span> <span class='ocrx_word' id='word_1_61' title='bbox 1373 1029 1431 1089; x_wconf 85' lang='lat'><strong>2).</strong></span> <span class='ocrx_word' id='word_1_62' title='bbox 1481 1030 1665 1076; x_wconf 83' lang='lat' dir='ltr'><strong>Contra-</strong></span> 
     </span>
     <span class='ocr_line' id='line_1_10' title="bbox 420 1108 1664 1166; baseline -0.002 -12"><span class='ocrx_word' id='word_1_63' title='bbox 420 1112 485 1155; x_wconf 82' lang='lat' dir='ltr'><strong>ria</strong></span> <span class='ocrx_word' id='word_1_64' title='bbox 533 1118 688 1155; x_wconf 73' lang='lat' dir='ltr'><strong>autem</strong></span> <span class='ocrx_word' id='word_1_65' title='bbox 735 1114 1053 1166; x_wconf 73' lang='grc' dir='ltr'><strong><em>ἀνδραποδώδης</em></strong></span> <span class='ocrx_word' id='word_1_66' title='bbox 1097 1117 1163 1153; x_wconf 81' lang='grc' dir='ltr'><strong>καὶ</strong></span> <span class='ocrx_word' id='word_1_67' title='bbox 1208 1116 1398 1166; x_wconf 81' lang='grc' dir='ltr'><strong><em>θηριώδης</em></strong></span> <span class='ocrx_word' id='word_1_68' title='bbox 1444 1108 1664 1154; x_wconf 76' lang='lat' dir='ltr'><strong>fortitudo</strong></span> 
     </span>
    </p>
   </div>
   <div class='ocr_carea' id='block_1_3' title="bbox 421 1252 630 1262">
    <p class='ocr_par' dir='ltr' id='par_1_3' title="bbox 421 1252 630 1262">
     <span class='ocr_line' id='line_1_11' title="bbox 421 1252 630 1262; baseline 0 1986"><span class='ocrx_word' id='word_1_69' title='bbox 421 1252 630 1262; x_wconf 95' lang='lat' dir='ltr'><strong> </strong></span> 
     </span>
    </p>
   </div>
   <div class='ocr_carea' id='block_1_4' title="bbox 413 1352 1665 2647">
    <p class='ocr_par' dir='ltr' id='par_1_4' title="bbox 413 1352 1665 2252">
     <span class='ocr_line' id='line_1_12' title="bbox 417 1352 1662 1400; baseline -0.002 -9"><span class='ocrx_word' id='word_1_70' title='bbox 417 1355 486 1391; x_wconf 80' lang='lat' dir='ltr'><strong>crr.</strong></span> <span class='ocrx_word' id='word_1_71' title='bbox 512 1352 714 1390; x_wconf 85' lang='lat' dir='ltr'><strong>Schneideri</strong></span> <span class='ocrx_word' id='word_1_72' title='bbox 741 1353 847 1400; x_wconf 76' lang='lat' dir='ltr'><strong>praef.</strong></span> <span class='ocrx_word' id='word_1_73' title='bbox 873 1353 918 1389; x_wconf 83' lang='lat' dir='ltr'><strong>ad</strong></span> <span class='ocrx_word' id='word_1_74' title='bbox 938 1352 1014 1388; x_wconf 83' lang='lat' dir='ltr'><strong>Civ.</strong></span> <span class='ocrx_word' id='word_1_75' title='bbox 1035 1365 1069 1399; x_wconf 87' lang='lat' dir='ltr'><strong>p.</strong></span> <span class='ocrx_word' id='word_1_76' title='bbox 1088 1352 1444 1388; x_wconf 75' lang='lat' dir='ltr'><strong>XXVIII—XXXVI.</strong></span> <span class='ocrx_word' id='word_1_77' title='bbox 1461 1373 1510 1380; x_wconf 91' lang='lat'>—</span> <span class='ocrx_word' id='word_1_78' title='bbox 1529 1353 1662 1400; x_wconf 82' lang='lat' dir='ltr'><strong>Optimi</strong></span> 
     </span>
     <span class='ocr_line' id='line_1_13' title="bbox 418 1418 1664 1461; baseline -0.004 -4"><span class='ocrx_word' id='word_1_79' title='bbox 418 1420 575 1457; x_wconf 83' lang='lat' dir='ltr'><strong>omnium</strong></span> <span class='ocrx_word' id='word_1_80' title='bbox 618 1419 787 1454; x_wconf 81' lang='lat' dir='ltr'><strong>habentur</strong></span> <span class='ocrx_word' id='word_1_81' title='bbox 828 1430 849 1453; x_wconf 89' lang='lat' dir='ltr'><strong>a</strong></span> <span class='ocrx_word' id='word_1_82' title='bbox 888 1418 1040 1461; x_wconf 82' lang='lat' dir='ltr'><strong>Cobeto,</strong></span> <span class='ocrx_word' id='word_1_83' title='bbox 1079 1418 1121 1454; x_wconf 82' lang='lat' dir='ltr'><strong>V.</strong></span> <span class='ocrx_word' id='word_1_84' title='bbox 1148 1418 1258 1459; x_wconf 81' lang='lat' dir='ltr'><strong>Clar..</strong></span> <span class='ocrx_word' id='word_1_85' title='bbox 1293 1418 1415 1454; x_wconf 86' lang='lat' dir='ltr'><strong>ceteris</strong></span> <span class='ocrx_word' id='word_1_86' title='bbox 1440 1418 1569 1454; x_wconf 81' lang='lat' dir='ltr'><strong>criticis</strong></span> <span class='ocrx_word' id='word_1_87' title='bbox 1595 1430 1664 1453; x_wconf 90' lang='lat' dir='ltr'><strong>non</strong></span> 
     </span>
     <span class='ocr_line' id='line_1_14' title="bbox 417 1483 1662 1521; baseline -0.001 0"><span class='ocrx_word' id='word_1_88' title='bbox 417 1485 701 1521; x_wconf 74' lang='lat' dir='ltr'><strong>dissentientibus</strong></span> <span class='ocrx_word' id='word_1_89' title='bbox 727 1483 938 1520; x_wconf 90' lang='lat' dir='ltr'><strong>Bodleianus</strong></span> <span class='ocrx_word' id='word_1_90' title='bbox 964 1494 992 1519; x_wconf 89' lang='lat' dir='ltr'><strong>s.</strong></span> <span class='ocrx_word' id='word_1_91' title='bbox 1018 1483 1225 1519; x_wconf 85' lang='lat' dir='ltr'><strong>Clarkianus</strong></span> <span class='ocrx_word' id='word_1_92' title='bbox 1252 1484 1333 1519; x_wconf 88' lang='lat' dir='ltr'><strong>anni</strong></span> <span class='ocrx_word' id='word_1_93' title='bbox 1362 1486 1432 1519; x_wconf 87' lang='grc'><strong>896</strong></span> <span class='ocrx_word' id='word_1_94' title='bbox 1453 1487 1487 1519; x_wconf 87' lang='lat' dir='ltr'><strong>et</strong></span> <span class='ocrx_word' id='word_1_95' title='bbox 1506 1483 1609 1518; x_wconf 89' lang='lat' dir='ltr'><strong>Paris.</strong></span> <span class='ocrx_word' id='word_1_96' title='bbox 1637 1491 1662 1520; x_wconf 84' lang='lat' dir='ltr'>A</span> 
     </span>
     <span class='ocr_line' id='line_1_15' title="bbox 415 1548 1664 1599; baseline -0.002 -12"><span class='ocrx_word' id='word_1_97' title='bbox 415 1551 480 1598; x_wconf 81' lang='lat' dir='ltr'><strong>(cf.</strong></span> <span class='ocrx_word' id='word_1_98' title='bbox 496 1551 711 1587; x_wconf 83' lang='lat' dir='ltr'><strong>Bibliotheca</strong></span> <span class='ocrx_word' id='word_1_99' title='bbox 724 1550 846 1586; x_wconf 90' lang='lat' dir='ltr'><strong>Philol.</strong></span> <span class='ocrx_word' id='word_1_100' title='bbox 864 1551 980 1586; x_wconf 87' lang='lat' dir='ltr'><strong>Batav.</strong></span> <span class='ocrx_word' id='word_1_101' title='bbox 997 1554 1079 1586; x_wconf 90' lang='lat' dir='ltr'><strong>tom.</strong></span> <span class='ocrx_word' id='word_1_102' title='bbox 1094 1550 1160 1593; x_wconf 90' lang='lat' dir='ltr'><strong>IX,</strong></span> <span class='ocrx_word' id='word_1_103' title='bbox 1175 1562 1206 1597; x_wconf 86' lang='lat' dir='ltr'><strong>p.</strong></span> <span class='ocrx_word' id='word_1_104' title='bbox 1223 1551 1293 1586; x_wconf 84' lang='lat'><strong>338</strong></span> <span class='ocrx_word' id='word_1_105' title='bbox 1308 1554 1375 1599; x_wconf 87' lang='lat' dir='ltr'><strong>sq).</strong></span> <span class='ocrx_word' id='word_1_106' title='bbox 1403 1548 1621 1585; x_wconf 75' lang='lat' dir='ltr'><strong>Monacensis</strong></span> <span class='ocrx_word' id='word_1_107' title='bbox 1636 1549 1664 1584; x_wconf 96' lang='lat' dir='ltr'>B</span> 
     </span>
     <span class='ocr_line' id='line_1_16' title="bbox 415 1614 1664 1663; baseline -0.002 -11"><span class='ocrx_word' id='word_1_108' title='bbox 415 1616 624 1663; x_wconf 82' lang='lat' dir='ltr'><strong>praestantia</strong></span> <span class='ocrx_word' id='word_1_109' title='bbox 650 1615 810 1651; x_wconf 85' lang='lat' dir='ltr'><strong>laudatur</strong></span> <span class='ocrx_word' id='word_1_110' title='bbox 835 1628 855 1651; x_wconf 86' lang='lat' dir='ltr'><strong>a</strong></span> <span class='ocrx_word' id='word_1_111' title='bbox 881 1615 1001 1652; x_wconf 86' lang='lat' dir='ltr'><strong>Stallb.</strong></span> <span class='ocrx_word' id='word_1_112' title='bbox 1028 1619 1062 1651; x_wconf 91' lang='lat' dir='ltr'><strong>et</strong></span> <span class='ocrx_word' id='word_1_113' title='bbox 1087 1614 1287 1659; x_wconf 80' lang='lat' dir='ltr'><strong>Schleierm.</strong></span> <span class='ocrx_word' id='word_1_114' title='bbox 1315 1615 1408 1663; x_wconf 87' lang='lat' dir='ltr'><strong>(vid.</strong></span> <span class='ocrx_word' id='word_1_115' title='bbox 1432 1615 1533 1661; x_wconf 87' lang='lat' dir='ltr'><strong>hujus</strong></span> <span class='ocrx_word' id='word_1_116' title='bbox 1554 1614 1664 1650; x_wconf 88' lang='lat' dir='ltr'><strong>versio</strong></span> 
     </span>
     <span class='ocr_line' id='line_1_17' title="bbox 416 1679 1663 1728; baseline 0 -13"><span class='ocrx_word' id='word_1_117' title='bbox 416 1681 533 1717; x_wconf 86' lang='lat' dir='ltr'><strong>Germ.</strong></span> <span class='ocrx_word' id='word_1_118' title='bbox 569 1679 671 1715; x_wconf 84' lang='lat' dir='ltr'><strong>civit.</strong></span> <span class='ocrx_word' id='word_1_119' title='bbox 705 1691 782 1726; x_wconf 87' lang='lat' dir='ltr'><strong>pag.</strong></span> <span class='ocrx_word' id='word_1_120' title='bbox 819 1679 904 1715; x_wconf 90' lang='lat' dir='ltr'><strong>meis</strong></span> <span class='ocrx_word' id='word_1_121' title='bbox 943 1682 1033 1723; x_wconf 78' lang='lat'><strong>368,</strong></span> <span class='ocrx_word' id='word_1_122' title='bbox 1072 1682 1165 1726; x_wconf 82' lang='lat'><strong>368,</strong></span> <span class='ocrx_word' id='word_1_123' title='bbox 1193 1683 1284 1725; x_wconf 84' lang='lat'><strong>395,</strong></span> <span class='ocrx_word' id='word_1_124' title='bbox 1311 1682 1396 1728; x_wconf 84' lang='lat'>400)</span> <span class='ocrx_word' id='word_1_125' title='bbox 1425 1702 1469 1708; x_wconf 92' lang='lat'><strong>—</strong></span> <span class='ocrx_word' id='word_1_126' title='bbox 1497 1681 1606 1717; x_wconf 90' lang='lat' dir='ltr'><strong>Vatic.</strong></span> <span class='ocrx_word' id='word_1_127' title='bbox 1635 1680 1663 1715; x_wconf 94' lang='lat' dir='ltr'>B</span> 
     </span>
     <span class='ocr_line' id='line_1_18' title="bbox 414 1745 1665 1790; baseline 0 -9"><span class='ocrx_word' id='word_1_128' title='bbox 414 1745 604 1782; x_wconf 87' lang='lat' dir='ltr'><strong>secundum</strong></span> <span class='ocrx_word' id='word_1_129' title='bbox 622 1746 737 1781; x_wconf 82' lang='lat' dir='ltr'><strong>locum</strong></span> <span class='ocrx_word' id='word_1_130' title='bbox 752 1745 874 1781; x_wconf 82' lang='lat' dir='ltr'><strong>tribuit</strong></span> <span class='ocrx_word' id='word_1_131' title='bbox 893 1746 1068 1782; x_wconf 85' lang='lat' dir='ltr'><strong>Bekkerus</strong></span> <span class='ocrx_word' id='word_1_132' title='bbox 1086 1767 1135 1774; x_wconf 93' lang='lat'>—</span> <span class='ocrx_word' id='word_1_133' title='bbox 1153 1747 1245 1782; x_wconf 86' lang='lat' dir='ltr'><strong>Flor.</strong></span> <span class='ocrx_word' id='word_1_134' title='bbox 1265 1747 1307 1790; x_wconf 92' lang='lat' dir='ltr'><strong>U,</strong></span> <span class='ocrx_word' id='word_1_135' title='bbox 1324 1747 1515 1783; x_wconf 85' lang='lat' dir='ltr'><strong>secundum</strong></span> <span class='ocrx_word' id='word_1_136' title='bbox 1533 1746 1665 1788; x_wconf 76' lang='lat' dir='ltr'><strong>Stallb..</strong></span> 
     </span>
     <span class='ocr_line' id='line_1_19' title="bbox 415 1809 1665 1859; baseline 0 -12"><span class='ocrx_word' id='word_1_137' title='bbox 415 1811 568 1847; x_wconf 84' lang='lat' dir='ltr'><strong>bonitate</strong></span> <span class='ocrx_word' id='word_1_138' title='bbox 603 1822 672 1846; x_wconf 88' lang='lat' dir='ltr'><strong>non</strong></span> <span class='ocrx_word' id='word_1_139' title='bbox 706 1809 799 1859; x_wconf 30' lang='lat' dir='ltr'><strong>cedi-t</strong></span> <span class='ocrx_word' id='word_1_140' title='bbox 835 1810 970 1846; x_wconf 87' lang='lat' dir='ltr'><strong>Monac.</strong></span> <span class='ocrx_word' id='word_1_141' title='bbox 998 1811 1037 1847; x_wconf 91' lang='lat' dir='ltr'><strong>B.</strong></span> <span class='ocrx_word' id='word_1_142' title='bbox 1064 1831 1112 1839; x_wconf 93' lang='lat'>—</span> <span class='ocrx_word' id='word_1_143' title='bbox 1139 1811 1253 1847; x_wconf 82' lang='lat' dir='ltr'><strong>Ficini</strong></span> <span class='ocrx_word' id='word_1_144' title='bbox 1278 1811 1515 1859; x_wconf 82' lang='lat' dir='ltr'><strong>interpretatio</strong></span> <span class='ocrx_word' id='word_1_145' title='bbox 1541 1810 1665 1847; x_wconf 84' lang='lat' dir='ltr'><strong>Latina</strong></span> 
     </span>
     <span class='ocr_line' id='line_1_20' title="bbox 415 1875 1660 1922; baseline 0.001 -12"><span class='ocrx_word' id='word_1_146' title='bbox 415 1881 525 1911; x_wconf 86' lang='lat' dir='ltr'><strong>exstat</strong></span> <span class='ocrx_word' id='word_1_147' title='bbox 549 1876 583 1911; x_wconf 91' lang='lat' dir='ltr'><strong>in</strong></span> <span class='ocrx_word' id='word_1_148' title='bbox 611 1875 764 1911; x_wconf 80' lang='lat' dir='ltr'><strong>Platonis</strong></span> <span class='ocrx_word' id='word_1_149' title='bbox 791 1875 944 1922; x_wconf 88' lang='lat' dir='ltr'><strong>Operum</strong></span> <span class='ocrx_word' id='word_1_150' title='bbox 972 1876 1125 1912; x_wconf 89' lang='lat' dir='ltr'><strong>editione</strong></span> <span class='ocrx_word' id='word_1_151' title='bbox 1154 1877 1366 1913; x_wconf 83' lang='lat' dir='ltr'><strong>Bekkeriana</strong></span> <span class='ocrx_word' id='word_1_152' title='bbox 1391 1889 1421 1913; x_wconf 85' lang='lat' dir='ltr'><strong>a.</strong></span> <span class='ocrx_word' id='word_1_153' title='bbox 1454 1878 1660 1917; x_wconf 74' lang='lat'><strong>1816—18,</strong></span> 
     </span>
     <span class='ocr_line' id='line_1_21' title="bbox 415 1940 1662 1988; baseline -0.001 -11"><span class='ocrx_word' id='word_1_154' title='bbox 415 1954 456 1977; x_wconf 80' lang='lat' dir='ltr'><strong>ex</strong></span> <span class='ocrx_word' id='word_1_155' title='bbox 482 1940 731 1988; x_wconf 83' lang='lat' dir='ltr'><strong>antiquissimis</strong></span> <span class='ocrx_word' id='word_1_156' title='bbox 755 1941 924 1988; x_wconf 83' lang='lat' dir='ltr'><strong>exemplis</strong></span> <span class='ocrx_word' id='word_1_157' title='bbox 951 1941 1071 1983; x_wconf 80' lang='lat' dir='ltr'><strong>ducta,</strong></span> <span class='ocrx_word' id='word_1_158' title='bbox 1098 1941 1146 1978; x_wconf 91' lang='lat' dir='ltr'><strong>ita</strong></span> <span class='ocrx_word' id='word_1_159' title='bbox 1173 1946 1210 1978; x_wconf 91' lang='lat' dir='ltr'><strong>ut</strong></span> <span class='ocrx_word' id='word_1_160' title='bbox 1237 1953 1337 1979; x_wconf 91' lang='lat' dir='ltr'><strong>usum</strong></span> <span class='ocrx_word' id='word_1_161' title='bbox 1355 1942 1509 1979; x_wconf 88' lang='lat' dir='ltr'><strong>criticum</strong></span> <span class='ocrx_word' id='word_1_162' title='bbox 1531 1942 1662 1978; x_wconf 83' lang='lat' dir='ltr'><strong>habeat.</strong></span> 
     </span>
     <span class='ocr_line' id='line_1_22' title="bbox 414 2007 1662 2055; baseline 0.001 -13"><span class='ocrx_word' id='word_1_163' title='bbox 414 2007 466 2043; x_wconf 80' lang='lat' dir='ltr'><strong>Cf.</strong></span> <span class='ocrx_word' id='word_1_164' title='bbox 501 2007 621 2043; x_wconf 86' lang='lat' dir='ltr'><strong>Stallb.</strong></span> <span class='ocrx_word' id='word_1_165' title='bbox 657 2007 752 2054; x_wconf 81' lang='lat' dir='ltr'><strong>Disp.</strong></span> <span class='ocrx_word' id='word_1_166' title='bbox 785 2007 829 2042; x_wconf 89' lang='lat' dir='ltr'><strong>de</strong></span> <span class='ocrx_word' id='word_1_167' title='bbox 866 2008 1019 2044; x_wconf 80' lang='lat' dir='ltr'><strong>Platonis</strong></span> <span class='ocrx_word' id='word_1_168' title='bbox 1056 2009 1142 2050; x_wconf 83' lang='lat' dir='ltr'><strong>vita,</strong></span> <span class='ocrx_word' id='word_1_169' title='bbox 1177 2009 1337 2055; x_wconf 83' lang='lat' dir='ltr'><strong>ingenio,</strong></span> <span class='ocrx_word' id='word_1_170' title='bbox 1373 2009 1528 2055; x_wconf 81' lang='lat' dir='ltr'><strong>scriptis,</strong></span> <span class='ocrx_word' id='word_1_171' title='bbox 1562 2020 1596 2055; x_wconf 86' lang='lat' dir='ltr'><strong>p.</strong></span> <span class='ocrx_word' id='word_1_172' title='bbox 1622 2008 1662 2043; x_wconf 91' lang='lat' dir='ltr'><strong>L.</strong></span> 
     </span>
     <span class='ocr_line' id='line_1_23' title="bbox 413 2072 1661 2121; baseline 0.001 -12"><span class='ocrx_word' id='word_1_173' title='bbox 413 2074 557 2109; x_wconf 84' lang='lat' dir='ltr'><strong>Secutus</strong></span> <span class='ocrx_word' id='word_1_174' title='bbox 595 2077 647 2108; x_wconf 87' lang='lat' dir='ltr'><strong>est</strong></span> <span class='ocrx_word' id='word_1_175' title='bbox 684 2072 776 2109; x_wconf 83' lang='lat' dir='ltr'><strong>enim</strong></span> <span class='ocrx_word' id='word_1_176' title='bbox 814 2073 941 2121; x_wconf 77' lang='lat' dir='ltr'><strong>partim</strong></span> <span class='ocrx_word' id='word_1_177' title='bbox 980 2074 1144 2111; x_wconf 86' lang='lat' dir='ltr'><strong>Venetam</strong></span> <span class='ocrx_word' id='word_1_178' title='bbox 1184 2087 1215 2111; x_wconf 88' lang='lat' dir='ltr'><strong>a.</strong></span> <span class='ocrx_word' id='word_1_179' title='bbox 1261 2077 1373 2119; x_wconf 81' lang='lat'><strong>1491,</strong></span> <span class='ocrx_word' id='word_1_180' title='bbox 1411 2075 1448 2111; x_wconf 92' lang='lat' dir='ltr'><strong>in</strong></span> <span class='ocrx_word' id='word_1_181' title='bbox 1486 2075 1661 2112; x_wconf 86' lang='lat' dir='ltr'><strong>nonnullis</strong></span> 
     </span>
     <span class='ocr_line' id='line_1_24' title="bbox 415 2138 1660 2187; baseline 0.001 -13"><span class='ocrx_word' id='word_1_182' title='bbox 415 2138 579 2174; x_wconf 82' lang='lat' dir='ltr'><strong>Venetam</strong></span> <span class='ocrx_word' id='word_1_183' title='bbox 613 2150 643 2174; x_wconf 92' lang='lat' dir='ltr'><strong>a.</strong></span> <span class='ocrx_word' id='word_1_184' title='bbox 684 2138 794 2179; x_wconf 82' lang='lat'><strong>1517,</strong></span> <span class='ocrx_word' id='word_1_185' title='bbox 828 2138 864 2174; x_wconf 91' lang='lat' dir='ltr'><strong>in</strong></span> <span class='ocrx_word' id='word_1_186' title='bbox 891 2139 1099 2187; x_wconf 78' lang='lat' dir='ltr'><strong>quibusdam</strong></span> <span class='ocrx_word' id='word_1_187' title='bbox 1125 2152 1188 2175; x_wconf 90' lang='lat' dir='ltr'><strong>sua</strong></span> <span class='ocrx_word' id='word_1_188' title='bbox 1213 2140 1410 2186; x_wconf 84' lang='lat' dir='ltr'><strong>conjectura</strong></span> <span class='ocrx_word' id='word_1_189' title='bbox 1436 2152 1529 2177; x_wconf 84' lang='lat' dir='ltr'><strong>usus.</strong></span> <span class='ocrx_word' id='word_1_190' title='bbox 1582 2140 1660 2175; x_wconf 79' lang='lat' dir='ltr'><strong>vid.</strong></span> 
     </span>
     <span class='ocr_line' id='line_1_25' title="bbox 413 2202 1455 2252; baseline 0.002 -13"><span class='ocrx_word' id='word_1_191' title='bbox 413 2204 450 2239; x_wconf 86' lang='lat' dir='ltr'><strong>C.</strong></span> <span class='ocrx_word' id='word_1_192' title='bbox 478 2204 518 2240; x_wconf 85' lang='lat' dir='ltr'><strong>G.</strong></span> <span class='ocrx_word' id='word_1_193' title='bbox 545 2203 584 2239; x_wconf 81' lang='lat' dir='ltr'><strong>E.</strong></span> <span class='ocrx_word' id='word_1_194' title='bbox 611 2202 815 2239; x_wconf 85' lang='lat' dir='ltr'><strong>Schneider:</strong></span> <span class='ocrx_word' id='word_1_195' title='bbox 843 2204 986 2241; x_wconf 78' lang='lat' dir='ltr'><strong>Praefat.</strong></span> <span class='ocrx_word' id='word_1_196' title='bbox 1012 2205 1057 2240; x_wconf 87' lang='lat' dir='ltr'><strong>ad</strong></span> <span class='ocrx_word' id='word_1_197' title='bbox 1084 2205 1196 2248; x_wconf 82' lang='lat' dir='ltr'><strong>civit,</strong></span> <span class='ocrx_word' id='word_1_198' title='bbox 1221 2219 1255 2252; x_wconf 90' lang='lat' dir='ltr'><strong>p.</strong></span> <span class='ocrx_word' id='word_1_199' title='bbox 1281 2205 1455 2241; x_wconf 88' lang='lat' dir='ltr'><strong>XXXVII.</strong></span> 
     </span>
    </p>

    <p class='ocr_par' dir='ltr' id='par_1_5' title="bbox 416 2269 1658 2379">
     <span class='ocr_line' id='line_1_26' title="bbox 466 2269 1658 2318; baseline 0.003 -14"><span class='ocrx_word' id='word_1_200' title='bbox 466 2271 501 2316; x_wconf 94' lang='lat' dir='ltr'><strong>l)</strong></span> <span class='ocrx_word' id='word_1_201' title='bbox 527 2269 593 2305; x_wconf 86' lang='lat' dir='ltr'><strong>Die</strong></span> <span class='ocrx_word' id='word_1_202' title='bbox 619 2269 804 2318; x_wconf 86' lang='lat' dir='ltr'><strong>Republik.</strong></span> <span class='ocrx_word' id='word_1_203' title='bbox 831 2270 871 2306; x_wconf 91' lang='lat' dir='ltr'><strong>In</strong></span> <span class='ocrx_word' id='word_1_204' title='bbox 898 2271 984 2307; x_wconf 86' lang='lat' dir='ltr'><strong>zehn</strong></span> <span class='ocrx_word' id='word_1_205' title='bbox 1010 2271 1190 2314; x_wconf 73' lang='lat' dir='ltr'><strong>Buchern,</strong></span> <span class='ocrx_word' id='word_1_206' title='bbox 1219 2271 1330 2307; x_wconf 71' lang='lat' dir='ltr'><strong>libers.</strong></span> <span class='ocrx_word' id='word_1_207' title='bbox 1353 2282 1418 2308; x_wconf 83' lang='lat' dir='ltr'><strong>von</strong></span> <span class='ocrx_word' id='word_1_208' title='bbox 1438 2271 1475 2307; x_wconf 87' lang='lat' dir='ltr'><strong>C.</strong></span> <span class='ocrx_word' id='word_1_209' title='bbox 1493 2271 1532 2308; x_wconf 88' lang='lat' dir='ltr'><strong>F.</strong></span> <span class='ocrx_word' id='word_1_210' title='bbox 1554 2270 1658 2307; x_wconf 80' lang='lat' dir='ltr'><strong>Wolf.</strong></span> 
     </span>
     <span class='ocr_line' id='line_1_27' title="bbox 416 2335 893 2379; baseline 0.004 -8"><span class='ocrx_word' id='word_1_211' title='bbox 416 2338 436 2370; x_wconf 80' lang='lat'>2</span> <span class='ocrx_word' id='word_1_212' title='bbox 463 2335 583 2379; x_wconf 83' lang='lat' dir='ltr'><strong>tomis,</strong></span> <span class='ocrx_word' id='word_1_213' title='bbox 611 2335 758 2372; x_wconf 85' lang='lat' dir='ltr'><strong>Altonae</strong></span> <span class='ocrx_word' id='word_1_214' title='bbox 791 2339 893 2374; x_wconf 82' lang='lat'><strong>1799.</strong></span> 
     </span>
    </p>

    <p class='ocr_par' dir='ltr' id='par_1_6' title="bbox 414 2400 1660 2513">
     <span class='ocr_line' id='line_1_28' title="bbox 464 2400 1660 2448; baseline 0.002 -12"><span class='ocrx_word' id='word_1_215' title='bbox 464 2400 529 2436; x_wconf 88' lang='lat' dir='ltr'><strong>Die</strong></span> <span class='ocrx_word' id='word_1_216' title='bbox 555 2400 745 2448; x_wconf 82' lang='lat' dir='ltr'><strong>Republik,</strong></span> <span class='ocrx_word' id='word_1_217' title='bbox 773 2400 883 2437; x_wconf 78' lang='lat' dir='ltr'><strong>ubers.</strong></span> <span class='ocrx_word' id='word_1_218' title='bbox 911 2402 983 2438; x_wconf 91' lang='lat' dir='ltr'><strong>und</strong></span> <span class='ocrx_word' id='word_1_219' title='bbox 1010 2402 1129 2438; x_wconf 76' lang='lat' dir='ltr'><strong>erliiut.</strong></span> <span class='ocrx_word' id='word_1_220' title='bbox 1157 2414 1223 2438; x_wconf 87' lang='lat' dir='ltr'><strong>von</strong></span> <span class='ocrx_word' id='word_1_221' title='bbox 1250 2402 1293 2438; x_wconf 89' lang='lat' dir='ltr'><strong>G.</strong></span> <span class='ocrx_word' id='word_1_222' title='bbox 1320 2402 1471 2447; x_wconf 60' lang='lat' dir='ltr'><strong>michae,</strong></span> <span class='ocrx_word' id='word_1_223' title='bbox 1501 2404 1522 2437; x_wconf 75' lang='lat'>2</span> <span class='ocrx_word' id='word_1_224' title='bbox 1541 2403 1660 2446; x_wconf 85' lang='lat' dir='ltr'><strong>tomis,</strong></span> 
     </span>
     <span class='ocr_line' id='line_1_29' title="bbox 414 2467 688 2513; baseline 0.007 -12"><span class='ocrx_word' id='word_1_225' title='bbox 414 2467 554 2513; x_wconf 85' lang='lat' dir='ltr'><strong>Lipsiae</strong></span> <span class='ocrx_word' id='word_1_226' title='bbox 582 2469 688 2503; x_wconf 83' lang='lat'><strong>1800.</strong></span> 
     </span>
    </p>

    <p class='ocr_par' dir='ltr' id='par_1_7' title="bbox 414 2531 1658 2647">
     <span class='ocr_line' id='line_1_30' title="bbox 465 2531 1658 2580; baseline 0.003 -14"><span class='ocrx_word' id='word_1_227' title='bbox 465 2533 505 2575; x_wconf 80' lang='lat'><strong>2)</strong></span> <span class='ocrx_word' id='word_1_228' title='bbox 543 2531 655 2567; x_wconf 88' lang='lat' dir='ltr'><strong>Locus</strong></span> <span class='ocrx_word' id='word_1_229' title='bbox 693 2532 856 2568; x_wconf 84' lang='lat' dir='ltr'><strong>classicus</strong></span> <span class='ocrx_word' id='word_1_230' title='bbox 896 2532 939 2568; x_wconf 90' lang='lat' dir='ltr'><strong>de</strong></span> <span class='ocrx_word' id='word_1_231' title='bbox 979 2545 1018 2568; x_wconf 86' lang='lat' dir='ltr'><strong>ea</strong></span> <span class='ocrx_word' id='word_1_232' title='bbox 1058 2533 1182 2579; x_wconf 85' lang='lat' dir='ltr'><strong>legitur</strong></span> <span class='ocrx_word' id='word_1_233' title='bbox 1218 2533 1356 2568; x_wconf 87' lang='lat' dir='ltr'><strong>Menon.</strong></span> <span class='ocrx_word' id='word_1_234' title='bbox 1396 2545 1429 2580; x_wconf 90' lang='lat' dir='ltr'><strong>p.</strong></span> <span class='ocrx_word' id='word_1_235' title='bbox 1459 2534 1515 2570; x_wconf 76' lang='lat'><strong>97.</strong></span> <span class='ocrx_word' id='word_1_236' title='bbox 1555 2533 1593 2569; x_wconf 92' lang='lat' dir='ltr'><strong>B.</strong></span> <span class='ocrx_word' id='word_1_237' title='bbox 1621 2533 1658 2569; x_wconf 89' lang='lat' dir='ltr'><strong>C.</strong></span> 
     </span>
     <span class='ocr_line' id='line_1_31' title="bbox 414 2597 1209 2647; baseline 0.004 -16"><span class='ocrx_word' id='word_1_238' title='bbox 414 2597 490 2632; x_wconf 90' lang='lat' dir='ltr'><strong>Vid.</strong></span> <span class='ocrx_word' id='word_1_239' title='bbox 519 2602 692 2643; x_wconf 77' lang='lat' dir='ltr'><strong>praeterea</strong></span> <span class='ocrx_word' id='word_1_240' title='bbox 719 2599 808 2634; x_wconf 90' lang='lat' dir='ltr'><strong>Tim.</strong></span> <span class='ocrx_word' id='word_1_241' title='bbox 835 2611 866 2645; x_wconf 89' lang='lat' dir='ltr'><strong>p.</strong></span> <span class='ocrx_word' id='word_1_242' title='bbox 895 2599 939 2634; x_wconf 83' lang='lat'><strong>37</strong></span> <span class='ocrx_word' id='word_1_243' title='bbox 969 2599 996 2634; x_wconf 95' lang='grc' dir='ltr'>Β</span> <span class='ocrx_word' id='word_1_244' title='bbox 1024 2611 1072 2646; x_wconf 90' lang='lat' dir='ltr'><strong>sq.</strong></span> <span class='ocrx_word' id='word_1_245' title='bbox 1101 2600 1131 2634; x_wconf 96' lang='lat' dir='ltr'>D</span> <span class='ocrx_word' id='word_1_246' title='bbox 1159 2611 1209 2647; x_wconf 84' lang='lat' dir='ltr'><strong>sq.</strong></span> 
     </span>
    </p>
   </div>
  </div>
 </body>
</html>
