1938 3248
860 374 913 421 7.1

268 505 319 550 τῷ
356 500 516 551 παιδιῳ.
562 494 744 554 Optime
773 496 998 541 sententia
1015 496 1250 541 Platonica
1267 499 1508 543 vernacule

266 573 328 616 sio
361 573 646 618 redderetur:
688 590 736 618 er
769 575 917 619 steekt-
944 575 990 618 in
1024 575 1114 619 den
1141 576 1233 634 god
1272 592 1384 635 geen
1419 579 1507 621 leu-

265 666 432 710 genaar
469 650 599 711 (geen
622 652 943 711 leugenachtig
978 652 1184 709 dichter).

328 729 460 774 Polit.
486 729 553 774 ῙῙῙ
574 745 617 789 Ρ.
638 731 725 774 391
748 728 793 775 C.
815 765 823 773 .
845 765 850 772 .
874 765 882 775 .
903 739 955 783 ὡς
986 737 1204 791 Ἀχιλλεύς
1234 763 1287 769 —-
1317 743 1507 791 τοσαύτης

265 812 311 864 ἦν
355 821 526 868 ταραχῆς
564 813 711 863 πλέως,
744 815 837 855 ὥστ’
868 817 974 869 ἔχειν
1006 819 1047 857 ὲν
1075 820 1181 869 αὑτῷ
1213 824 1405 870 νοσήματιι
1438 819 1505 859 δύο

246 895 437 939 ,ἐναντίω
476 892 694 943 ἀλλήλοιν,
738 894 1013 945 ἀνελευθερίαν
1055 900 1152 946 μετὰ
1192 898 1505 951 φιλοχρηματίας

265 973 332 1011 καὶ
363 967 414 1010 αὖ
441 973 720 1024 ὑπερηφανίαν
755 976 847 1014 θεῶν
880 990 919 1013 τὲ
948 977 1013 1014 καὶ
1044 977 1272 1027 ἀνθρώπων.

326 1042 441 1089 Cum
508 1045 711 1091 Platonis
776 1047 925 1091 verbis
991 1055 1277 1108 comparetur
1325 1047 1503 1104 CicerO,

264 1121 393 1167 Tuso.
432 1123 552 1185 Disp.
593 1124 660 1170 III
688 1141 780 1185 cap.
813 1128 841 1171 4
873 1123 895 1184 ξ
922 1128 975 1171 7:
1007 1125 1158 1183 „Num
1182 1128 1382 1187 reliquae
1400 1143 1504 1187 quo-

261 1216 348 1259 que
382 1203 743 1261 perturbat-iones
776 1205 937 1260 animi,
963 1205 1250 1261 formidines,
1269 1205 1501 1261 libidines,

263 1280 548 1325 iracundiae}>
590 1282 713 1326 Haec
748 1283 868 1327 enim
902 1284 993 1327 fere
1012 1290 1119 1327 sunt
1143 1284 1366 1342 ejusmodi
1384 1299 1501 1343 quae

262 1355 421 1402 Graeci
472 1368 569 1416 πάθη
619 1361 871 1420 appellant:
918 1376 999 1420 ego
1048 1367 1276 1420 porteram
1310 1362 1500 1415 morb053

262 1442 305 1478 et
338 1435 382 1478 id
413 1437 603 1481 verbum
630 1445 748 1482 esset
780 1455 802 1482 e
835 1438 996 1493 verbo;
1031 1439 1110 1482 sed
1148 1440 1194 1482 in
1219 1438 1502 1483 eonsuetudi-

261 1529 364 1558 nem
413 1521 613 1560 nostram
663 1532 753 1560 non
795 1516 985 1561 caderet.
1021 1515 1138 1561 Nam
1176 1517 1407 1572 misereri,
1441 1517 1504 1561 in·

261 1593 437 1649 videre,
498 1594 691 1654 gestire,
741 1595 921 1650 laetari,
968 1595 1077 1640 haee
1122 1595 1272 1639 omnia
1320 1595 1503 1640 morbos

262 1670 423 1717 Graeci
456 1673 715 1732 appellant,
750 1679 902 1717 motus
936 1674 1076 1717 animi
1113 1674 1278 1717 rationi
1310 1690 1401 1718 non
1431 1675 1503 1718 ob-

261 1757 562 1811 temperantes
583 1768 591 1794 :
626 1767 708 1796 nos
748 1758 900 1796 autem
930 1752 1011 1796 hos
1035 1751 1216 1797 eosdem
1234 1759 1386 1797 motus
1404 1769 1503 1797 con-

262 1832 387 1875 citati
437 1832 577 1875 animi
625 1838 765 1887 reete,
816 1839 867 1876 ut
916 1834 1095 1892 opinor,
1142 1833 1505 1893 perturbationes

221 1941 232 1948 -
261 1909 537 1965 dixerimus,
587 1910 769 1955 morbos
818 1918 970 1956 autem
1016 1928 1108 1955 non
1157 1912 1264 1956 satis
1300 1912 1500 1956 usitate.⁷‘

261 1988 436 2034 Similia
469 1988 590 2049 apud
624 1987 886 2034 Ciceronem
920 1991 1137 2051 leguntur
1169 1989 1297 2036 Offic.
1322 1990 1388 2034 ΙΙΙ
1407 2005 1503 2050 cap.

265 2071 288 2112 5
324 2067 345 2126 ξ
385 2070 461 2122 18,
496 2068 640 2112 Finib.
676 2067 791 2127 III§
831 2072 901 2113 35.

324 2146 456 2190 polit.
492 2145 557 2190 ῙΠ
590 2162 632 2205 p.
669 2148 755 2191 399
792 2146 839 2191 Ε.
871 2156 940 2204 Νὴ
974 2156 1039 2193 τὸν
1071 2157 1183 2194 κύνα.

323 2224 396 2268 Ad
439 2224 783 2284 intelligendam
822 2226 1041 2284 originem
1076 2226 1212 2285 hujus
1246 2226 1504 2270 affirmandi

259 2304 502 2359 formulae,
568 2319 683 2362 quae
744 2303 918 2349 Socrati
983 2305 1205 2363 imprimis
1271 2305 1504 2348 familiaris

260 2388 378 2437 erat,
446 2379 554 2439 (vid.
615 2381 849 2442 Wyttenb.
912 2382 969 2426 ad
1031 2382 1256 2426 Phaedon.
1319 2399 1360 2442 p.
1413 2384 1502 2427 260

260 2467 305 2503 et
353 2461 430 2517 qui
481 2460 538 2503 ibi
592 2459 804 2503 laudatur
853 2460 964 2519 Aeg.
1011 2460 1245 2519 Menagius
1280 2461 1336 2503 ad
1374 2460 1501 2520 Diog.

260 2537 407 2581 Laert.
452 2537 494 2581 II
543 2536 565 2595 ξ
615 2539 706 2594 40.)
741 2537 929 2581 fortasse
962 2538 1070 2582 facit
1102 2539 1326 2583 monitum
1368 2538 1505 2583 Baeb-

259 2616 314 2659 rii
371 2615 427 2658 ad
483 2614 701 2661 Ctesiam:
743 2614 875 2661 Canis
915 2616 1114 2661 multum
1157 2616 1282 2661 abest
1333 2624 1382 2662 ut
1434 2618 1504 2662 de-
