1938 3248
877 368 932 411 69

276 495 302 532 ἅ
346 507 437 544 φησι
470 494 612 543 δρᾶσαι
655 494 776 534 αὐτὸν
818 494 1030 540 ἿΙσιόδος,
1069 497 1089 534 ὃ
1120 512 1159 534 τε
1192 493 1242 535 αὖ
1275 502 1427 548 Κρόνος
1472 500 1523 544 ὠ,-

278 573 543 622 ἐτιμωρήσατο
579 573 715 611 αὐτόν.
1200 619 1209 627 .

339 642 607 703 Attigerunt
640 660 739 689 eam
772 645 975 690 fabulam
1001 645 1300 706 Porphyrius,
1318 648 1373 693 de
1391 657 1523 694 antro

277 723 514 782 nymphal'.
554 740 596 782 p.
650 725 720 768 65.
759 732 875 773 ὁκαὶ
907 733 1046 781 πάσχει
1078 732 1100 768 ό
1138 734 1291 782 Κρόνος
1316 735 1381 771 καὶ
1407 734 1523 779 δεθεὶ,ι

278 808 509 857 ἐκτέμνεται
556 810 607 853 ὡς
655 811 674 847 ὸ
714 809 919 858 οὺρανός;
957 801 1244 858 Phurnutus,
1278 803 1334 847 de
1363 812 1525 849 natura

278 877 467 924 deorum
516 878 603 924 VII
648 895 690 940 p.
743 882 828 924 118
864 888 887 924 ὁ
915 889 1069 937 Κρόνος
1101 888 1313 939 ἱστορεῖται
1351 892 1522 942 συνεχεῖ),Ί

279 969 342 1004 ἐπὶ
392 970 445 1016 τῷ
470 968 678 1015 μίγνυσθαι
710 972 757 1015 τῇ
788 972 838 1016 γῇ
864 969 1058 1005 κατιόντα
1091 968 1158 1004 τὸν
1191 967 1376 1017 Οὐρανὸν
1412 973 1523 1006 ε’κτε-

276 1048 377 1094 μεῖν·
409 1048 549 1084 τοῦτον
578 1045 619 1084 δὲ
643 1047 710 1084 τὸν
732 1046 811 1083 Δία
828 1046 1004 1094 ἐκτεμεῖν
1022 1046 1089 1083 καὶ
1109 1048 1256 1083 παῦσαι
1277 1052 1342 1094 τῆς
1359 1048 1518 1098 ὕβρεως.

277 1117 488 1160 Timaeus
527 1116 649 1175 apud
693 1115 837 1160 Sohol.
877 1116 1114 1176 Apollonii
1163 1116 1328 1162 Rhodii
1378 1117 1445 1161 IV
1477 1134 1520 1177 p.

279 1196 367 1238 983
415 1211 456 1253 p.
493 1195 580 1238 309
617 1203 785 1250 Τίμαιος
812 1200 854 1239 δέ
885 1215 977 1250 φησι
1007 1203 1074 1238 καὶ
1105 1204 1177 1250 τὴν
1209 1200 1410 1251 δρεπάνην
1441 1204 1525 1240 ἐκεῖ

280 1278 337 1331 (ἐν
383 1278 580 1331 Κερκύρᾳ)
618 1282 824 1330 κεκρύφθαι
864 1273 888 1330 ᾖ
927 1282 948 1317 ό
977 1282 1129 1329 Κρόνος
1160 1281 1208 1317 τὰ
1241 1285 1307 1318 τοῦ
1340 1279 1519 1329 Οὐρανοῦ

278 1357 413 1397 αἰδοῖα
452 1358 645 1407 ἀπέτεμεν
684 1362 709 1408 ἤ
736 1360 757 1397 ό
785 1360 883 1404 Ζεύς
919 1361 966 1396 τὰ
992 1362 1059 1397 τοῦ
1093 1361 1264 1408 Κρόνου.
1324 1351 1520 1396 Accura-

277 1430 450 1474 tissime
477 1431 561 1474 hac
588 1431 644 1475 de
675 1446 723 1475 re
756 1431 848 1490 egit
864 1431 1089 1475 Robertus
1106 1430 1284 1490 Unger,
1304 1430 1517 1475 Zeitschr.

277 1509 305 1551 f.
341 1508 382 1551 d.
417 1508 613 1553 Alterth.
649 1525 703 1552 w.
736 1511 853 1553 1842
889 1525 931 1568 p.
966 1511 1081 1553 1171
1113 1524 1176 1567 sq.

338 1585 469 1629 polit.
505 1586 548 1629 ῙῙ
581 1602 622 1645 p.
654 1589 741 1631 378
776 1587 826 1631 B.
862 1592 964 1632 Οὐδέ
1001 1609 1069 1641 γε,
1100 1591 1147 1642 ἦν
1180 1592 1323 1642 δ’ἐγὼ,
1357 1596 1400 1631 τὸ
1441 1610 1515 1632 πα-

277 1674 431 1720 ράπαν,
473 1672 524 1715 ώς
573 1673 647 1711 θεοὶ
677 1676 772 1717 θεοῖς
802 1670 1014 1722 πολεμοῦσί
1052 1688 1088 1711 τε
1121 1674 1187 1711 καὶ
1218 1670 1519 1723 ἐπιβουλεύουσι

279 1751 345 1787 καὶ
389 1753 600 1801 μάχονται.

340 1818 610 1880 Conjunctio
655 1822 980 1868 vocabulorum
1030 1827 1215 1879 πολεμεῖν
1262 1829 1308 1866 et
1339 1833 1523 1882 μάχεσθαι

278 1915 394 1958 quae
444 1901 583 1945 etiam
625 1903 823 1946 occurrit
866 1902 999 1946 Polit.
1047 1901 1090 1945 V
1132 1917 1175 1960 p.
1229 1903 1318 1945 470
1369 1900 1427 1955 C,
1478 1901 1524 1944 in

279 1985 479 2023 mentem
528 1987 712 2024 revocat
755 1979 1049 2024 Homericum
1094 1985 1321 2036 πολεμίζειν
1358 1984 1426 2034 ἠδὲ
1448 1989 1523 2034 μά-

281 2073 407 2114 χεσθαι
457 2056 604 2115 (Iliad.
645 2057 706 2113 ΙΙ,
758 2060 870 2112 452;
911 2057 1004 2114 ΙΙΙ,
1057 2060 1133 2111 67,
1169 2059 1283 2110 435;
1314 2056 1426 2111 VII,
1462 2055 1523 2113 3).

280 2133 482 2195 Scriptor
514 2135 647 2181 Vitae
680 2136 868 2181 Homeri
896 2152 1001 2181 vere
1033 2151 1196 2180 aureae
1222 2149 1337 2193 quae
1357 2134 1526 2194 legitur

279 2213 400 2272 apud
434 2212 653 2270 Galeum,
687 2222 842 2260 Inonef,
875 2220 1025 2267 πολλὰς
1053 2221 1095 2260 δὲ
1118 2223 1280 2270 γνώμας
1298 2222 1363 2259 καὶ
1383 2236 1525 2271 παραι-

281 2299 404 2343 νέσεις
439 2300 585 2347 ἀγαθὰς
624 2301 794 2349 ζΟμήρου
825 2302 1128 2348 ἐξενεγκόντος,
1161 2299 1422 2348 παρέφρασαν
1454 2300 1524 2337 οὐκ

279 2376 406 2426 ὀλίγοι
434 2380 511 2417 τῶν
543 2378 627 2428 μετ’
659 2379 796 2418 αὐτόν·
858 2372 1129 2416 sententiam
1158 2386 1286 2415 suam
1322 2369 1527 2414 defendit

278 2448 507 2493 afferendo
524 2450 646 2493 locos
665 2449 853 2509 Pythag.
876 2448 1029 2509 Eurip.
1048 2448 1208 2492 Aesoh.
1231 2446 1364 2507 Soph.
1380 2447 1524 2492 Arati.

280 2530 373 2574 Vix
390 2530 593 2589 ignoscas
610 2531 649 2574 ei
667 2529 788 2588 quod
800 2529 958 2573 ceteris
976 2544 1067 2572 non
1079 2527 1255 2572 addidit
1273 2527 1525 2583 Platonem,

279 2609 355 2669 qui
396 2609 646 2653 innumeris
686 2608 794 2653 locis
831 2607 1079 2652 Homerum
1115 2606 1244 2652 nobis
1263 2607 1310 2651 in
1328 2612 1523 2652 mentem
