1938 3248
914 408 940 451 9

364 529 467 577 Non
510 548 667 579 omnes
704 531 842 580 Stoici
883 530 1069 578 virtutis
1108 529 1330 576 divisione
1368 529 1545 589 quadri-

301 611 471 668 partita
504 612 573 656 usi
612 618 741 668 sunt,
775 611 898 670 quod
929 617 1057 672 patet
1090 626 1114 655 e
1147 610 1298 655 verbis
1332 610 1546 670 Diogenis

303 687 471 734 Laertii
510 690 606 748 (lib.
642 689 748 745 VH,
783 689 807 748 ᾗ
842 688 958 747 92.)Ξ
993 698 1224 741 Παναίτιος
1261 711 1333 745 μεν
1373 692 1443 734 οὖν
1475 695 1545 734 δύο

302 776 420 825 φησὶν
436 774 598 826 ἀρετάς,
617 779 851 827 θεωρητικὴν
868 778 935 815 καὶ
957 780 1201 827 πρακτικήν,
1222 772 1340 814 ἄλλοι
1362 773 1404 813 δὲ
1425 779 1543 824 τρεῖς,

302 850 466 902 λογικὴν
513 855 580 891 καὶ
628 858 798 909 φυσικὴν
848 857 915 894 καὶ
958 857 1106 905 ἠθικήν.
1177 853 1382 905 Τέτταρας
1425 851 1467 892 δὲ
1509 853 1547 890 οἱ

301 933 390 981 περὶ
440 930 741 982 Ποσειδώνιον,
793 936 860 972 καὶ
900 932 1089 979 πλείονας
1128 935 1168 972 οῖ
1208 935 1297 984 περὶ
1337 931 1543 981 Κλεάνθην

303 1011 370 1047 καὶ
423 1012 664 1060 Χρύσιππον
720 1013 786 1050 καὶ
841 1011 1136 1064 Ἀντίπατρον.
1212 1006 1419 1051 Fuerunt
1465 1002 1546 1061 qui

302 1080 407 1124 hinc
461 1081 686 1127 efficerent
741 1082 1036 1128 Posidonium
1087 1083 1300 1129 habuisse
1348 1087 1546 1141 quatuor

300 1165 477 1203 nostras
519 1160 713 1223 virtutes
754 1160 1027 1218 cardinales,
1061 1162 1108 1206 id
1140 1169 1295 1206 autem
1325 1158 1544 1218 Diogenis

301 1236 428 1280 locus
451 1237 499 1280 in
523 1237 694 1281 incerto
717 1238 937 1297 relinquit
958 1238 1014 1297 1).
1050 1238 1212 1284 Plures
1229 1246 1386 1292 tamen
1403 1236 1544 1281 fuisse

301 1311 498 1370 Stoicos,
528 1315 816 1373 qui-solemni
833 1316 1017 1360 virtutis
1040 1316 1264 1361 divisione
1280 1318 1329 1361 in
1346 1321 1544 1374 quatuor

300 1397 449 1450 partes
483 1406 587 1436 cum
619 1392 800 1437 Zenone
828 1399 1065 1439 uterentur
1093 1394 1162 1452 2),
1191 1401 1293 1439 tuto
1323 1393 1540 1438 efficimus

301 1469 487 1530 aliunde
503 1477 550 1514 et
565 1486 590 1515 e
607 1472 703 1515 vita
718 1471 910 1516 Zenonis
927 1487 954 1516 a
965 1472 1146 1517 Laertio
1164 1469 1453 1532 conscripta§
1466 1471 1541 1524 92,

301 1545 324 1605 ξ
356 1549 455 1592 126.
483 1549 530 1592 in
564 1549 730 1607 quibus
756 1550 908 1608 agitur
934 1551 983 1594 in
1012 1551 1277 1595 universum
1294 1550 1351 1594 de
1369 1549 1541 1594 Stoicis.

302 1623 600 1685 Systematice
626 1626 743 1672 hanc
769 1626 1000 1673 doctrinae
1023 1628 1207 1674 moralis
1230 1634 1406 1689 partem
1433 1632 1545 1672 trac-

302 1709 449 1747 tantes
476 1706 612 1749 multi
640 1706 842 1765 singulas
859 1707 1053 1751 virtutes
1070 1714 1115 1751 et
1132 1707 1314 1765 singula
1330 1706 1443 1749 vitia
1458 1704 1544 1763 pri-

302 1781 456 1826 mariis
493 1782 767 1841 quibusdam
795 1784 1041 1830 virtutibus
1074 1792 1120 1830 et
1150 1784 1275 1842 vitiis
1304 1783 1543 1841 subjunge-

301 1857 424 1901 bant.
448 1857 687 1904 Schemata
702 1862 991 1921 genealogica
1007 1862 1233 1906 virtutum
1251 1875 1274 1904 e
1288 1859 1545 1905 Stoicorum

301 1935 475 1981 ratione
502 1945 685 1983 exstant
713 1939 847 1998 apud,
866 1940 995 1999 Diog.
1031 1940 1178 1984 Laert.
1214 1939 1319 1993 VII,
1338 1937 1361 1996 ξ
1380 1940 1483 1991 926,
1501 1944 1547 1980 et

303 2012 548 2059 Stobaeum
576 2014 670 2060 Ecl.
705 2015 807 2062 Eth.
842 2033 884 2078 p.
922 2019 1007 2063 168
1044 2016 1103 2076 3).
1148 2015 1254 2061 Pari
1270 2012 1406 2060 modo
1423 2012 1544 2059 Aris-

355 2196 389 2241 1)
411 2194 543 2231 Calami
562 2195 660 2242 lapsu
679 2197 725 2232 V.·
738 2196 836 2233 Doct.
854 2197 893 2232 F.
912 2197 954 2233 X.
973 2197 1125 2232 Gruber:
1143 2197 1338 2232 Stoicorum
1357 2196 1545 2232 sententiae

304 2259 347 2294 de
374 2260 546 2304 moribus,
573 2261 689 2297 Turici
720 2262 823 2298 1837.
844 2265 874 2298 8.
901 2274 934 2309 p.
953 2263 998 2297 26
1026 2265 1084 2304 τὰς
1107 2268 1258 2311 τέτταρας
1284 2267 1398 2310 ἀρετάς
1424 2261 1543 2297 tribuit

303 2325 480 2368 Cleanthi,
508 2326 716 2373 Chrysippo,
743 2327 934 2374 Antipatro,
961 2348 1010 2354 —
1037 2327 1117 2362 Alia
1143 2326 1394 2374 quadripartita
1420 2326 1545 2361 divisio

304 2395 511 2428 memoratur
537 2404 556 2428 a
582 2392 681 2438 Diog.
709 2393 821 2429 Laert.
847 2392 909 2429 lib.
935 2392 1020 2435 VII,
1047 2394 1062 2439 §
1090 2394 1172 2429 100.

355 2458 390 2502 2)
417 2456 467 2492 cf,
493 2457 585 2493 Plut.
611 2457 654 2492 de
679 2458 785 2494 Stoic.
811 2459 965 2505 Repugn.
986 2468 1060 2506 cap.
1079 2458 1146 2494 VII
1163 2457 1260 2504 (edit.
1279 2459 1413 2493 sterent.
1434 2455 1545 2492 Moru-

304 2522 397 2557 lium.
424 2526 508 2558 tom.
535 2523 607 2572 VI).

354 2589 389 2634 3)
421 2588 508 2624 Cum
543 2590 638 2626 Stob.
673 2591 746 2628 Ecl.
780 2590 893 2629 Ethic.
928 2603 997 2628 non
1031 2592 1076 2628 ad
1113 2603 1252 2628 manum
1292 2590 1377 2627 mihi
1404 2589 1490 2632 sint,
1517 2589 1545 2625 is

303 2660 417 2693 autem
444 2657 634 2702 accuratius
660 2658 748 2694 hane
772 2669 844 2694 rem
871 2661 1107 2707 persequatur,
1134 2658 1235 2695 liceat
1261 2659 1379 2705 paucis
1406 2658 1544 2695 mutatis
