1938 3248
994 351 1052 396 46

400 473 709 533 Conjunctum
738 481 807 519 est
843 473 1056 518 scientiae
1090 479 1136 517 et
1168 473 1401 532 religionis
1441 474 1645 519 studium

400 567 490 611 quo
525 559 571 597 et
603 552 699 597 Deo
734 552 1032 597 assimulatur
1064 551 1202 596 homo
1236 557 1281 596 et
1313 552 1556 598 veritatem
1573 568 1644 598 ve-

399 638 546 676 natur.
614 631 767 689 Vulgo
800 631 1038 675 hominum
1072 630 1333 675 continetur
1365 631 1525 690 religio
1553 632 1645 675 riti-

399 709 484 753 bus
538 717 583 753 et
633 708 951 764 caeremoniis,
997 723 1138 767 eaque
1181 708 1387 768 Apollini
1425 707 1644 768 Delphico

400 787 719 831 constituenda
746 787 977 844 relinquit.
1013 785 1102 829 Gfr.
1132 786 1267 830 Polit.
1297 786 1363 830 IV
1390 802 1432 844 p.
1474 788 1563 829 427
1593 785 1642 828 Β.

400 863 471 908 Ita
507 871 660 922 ὁσιότης
690 863 858 924 partim
892 863 1036 908 affinis
1073 869 1141 908 est
1174 870 1337 921 σοφίας,
1366 863 1534 924 partim
1568 882 1643 908 σω-
1689 856 1693 861 ’

400 952 616 999 φροσυνης,
650 958 740 1002 qua
772 943 825 986 fit
852 950 904 986 ut
932 942 1104 986 subditi
1130 949 1320 1001 pareant
1346 942 1531 986 monitis
1558 958 1646 986 ma-

398 1021 687 1080 gistratuum.
754 1020 926 1065 Verum
961 1021 1272 1078 quaestionem
1300 1021 1426 1065 illam
1454 1021 1501 1064 in
1524 1035 1645 1080 prae-

398 1113 500 1143 sens
559 1098 742 1142 missam
801 1098 949 1142 facere
1008 1098 1143 1142 liceat
1198 1104 1250 1142 ut
1303 1098 1460 1158 paucis
1509 1113 1642 1158 agam

399 1176 456 1221 de
519 1177 642 1232 loco,
705 1177 838 1220 Polit.
901 1177 965 1220 IV
1022 1193 1064 1235 p.
1121 1179 1209 1221 433
1261 1177 1325 1220 B:
1386 1185 1509 1221 Δοκεῖ
1551 1198 1642 1232 μοι,

399 1256 463 1300 ita
491 1255 712 1311 Socrates,
746 1265 789 1301 τὸ
819 1262 1039 1302 ὑπόλοιπον
1072 1265 1113 1301 ἐν
1135 1268 1184 1313 τῇ
1204 1260 1315 1302 πόλει
1338 1253 1394 1302 ὧν
1421 1261 1642 1311 ἐσκέμμεθα,

399 1342 648 1391 σωφροσύνης
678 1342 744 1378 καὶ
774 1339 962 1391 ἀνδρείας
993 1342 1060 1379 καὶ
1091 1345 1325 1392 φρονήσεως,
1350 1342 1464 1378 τοῦτο
1486 1336 1603 1384 εἶναι,
1623 1340 1642 1376 ὃ

397 1422 519 1457 πᾶσιν
551 1420 717 1463 ἐκείνοις
748 1423 819 1468 τὴν
852 1419 1024 1469 δύναμιν
1056 1420 1265 1471 παρέσχεν,
1292 1419 1390 1457 ὥστε
1421 1418 1641 1467 ἐγγενέσθαι

399 1497 466 1534 καὶ
507 1495 783 1545 ἐγγενομένοις
825 1512 868 1545 γε
909 1498 1106 1548 σωτηρίαν
1146 1497 1349 1549 παρέχειν.
1408 1489 1643 1534 Postrema

397 1567 537 1610 verba
581 1568 644 1610 sic
682 1568 919 1627 jungenda
963 1576 1070 1613 sunt
1114 1575 1285 1625 δύναμιν
1330 1573 1640 1625 παρέσχεν....

399 1652 675 1702 ἐγγενομένοις
705 1653 896 1704 παρέχειν
927 1653 1139 1704 σωτηρίαν.
1198 1646 1279 1691 Est
1300 1646 1485 1691 liberior
1501 1652 1641 1689 Strue-

397 1731 512 1768 tura.
580 1721 759 1769 Clarius
803 1723 978 1770 dictum
1023 1733 1141 1771 esset
1175 1733 1340 1778 ἐκείνοις
1371 1730 1540 1784 παρέσχε
1571 1728 1641 1769 δυ’-

400 1823 521 1857 ναμιν
552 1811 620 1846 τοῦ
652 1810 875 1856 ἐγγενέσθαι
907 1814 974 1849 καὶ
1006 1812 1282 1862 ἐγγενομένοις
1316 1811 1398 1849 Cet.
1450 1804 1540 1847 Pro
1575 1811 1641 1856 ἐγ-

398 1887 627 1937 γενομένοις
660 1880 795 1926 Vind.
829 1882 876 1927 F.
912 1883 1048 1928 habet
1082 1890 1367 1940 ἐγγενομένοις,
1403 1882 1563 1926 Venet.
1591 1881 1640 1925 Β.

399 1966 639 2015 ἐγγενόμενα
665 1960 788 2018 quod
807 1968 995 2005 tuentur
1011 1961 1232 2006 editiones
1249 1968 1354 2005 ante
1371 1960 1639 2004 Bekkerum.

398 2036 601 2093 Scilicet,
621 2039 858 2096 quaeritur
880 2040 1002 2085 unde
1025 2040 1220 2100 pendeat
1242 2040 1496 2085 infinitivus
1515 2044 1640 2096 παρέ-

399 2135 497 2172 χειν.
556 2114 713 2160 Stallb.
742 2116 800 2162 ad
828 2117 870 2162 h.
900 2118 929 2162 1.
958 2118 1156 2178 pendere
1184 2125 1337 2164 censet
1363 2134 1390 2162 a
1423 2123 1535 2164 δοκεῖ
1559 2138 1639 2173 μοι,

397 2193 477 2238 sed
521 2194 605 2238 hoc
650 2195 832 2240 videtur
874 2198 1056 2256 longius
1099 2198 1274 2253 abesse,
1312 2212 1461 2255 neque
1494 2197 1643 2255 placet

397 2277 563 2331 παρέχει
594 2274 717 2332 quod
751 2275 970 2335 praebent
1002 2275 1136 2321 Vind.
1172 2276 1221 2321 B.
1256 2275 1291 2321 F
1294 2311 1318 2331 .,
1353 2291 1458 2320 nam
1475 2273 1640 2320 indica-

397 2351 520 2393 tivus
574 2352 651 2394 ille
696 2368 859 2412 parum
903 2356 1164 2398 conveniret
1208 2370 1312 2397 cum
1355 2353 1640 2413 praecedenti

398 2433 510 2473 δοκεῖ
533 2452 613 2485 μοι.
672 2431 830 2476 Astius
866 2433 1204 2478 emendandum
1232 2431 1409 2476 censuit
1441 2437 1638 2490 παρέχον,

396 2506 475 2551 sed
516 2507 580 2552 ita
623 2524 768 2568 neque
815 2511 1035 2572 explicari
1079 2516 1229 2571 potest
1273 2509 1399 2570 origo
1435 2509 1639 2554 lectionis

396 2586 633 2644 vulgatae,
679 2604 825 2646 neque
864 2590 1026 2634 iterata
1066 2589 1326 2633 terminatio
1360 2614 1420 2617 —
1449 2610 1493 2633 ον
1525 2589 1639 2632 nihil
