1938 3248
966 337 1022 378 70

368 468 563 506 revocat.
600 460 755 506 Liceat
789 468 941 505 autem
978 460 1292 520 exemplorum
1329 461 1437 505 moli
1475 475 1617 505 unuin

367 541 553 600 eripere.
590 539 723 585 Polit.
761 539 848 584 VII
875 555 916 599 p.
950 540 1037 583 535
1070 538 1105 582 Β
1139 539 1309 598 legitur
1342 540 1616 584 vocabulum

368 619 651 663 rarissimum
683 628 880 675 ἄρρατος,
916 618 1045 676 cujus
1079 632 1236 661 sensus
1265 617 1525 663 declaratur
1558 619 1617 662 al-

370 705 465 742 tero
502 697 600 741 loco
629 697 707 741 ubi
746 696 966 751 occurrit,
1002 694 1170 756 Cratyl.
1201 713 1241 757 p.
1277 699 1376 741 507.
1412 697 1619 742 Homeri-

370 791 475 820 cum
510 776 624 820 illud
670 791 765 820 esse
799 791 891 819 non
927 780 1047 819 recte
1082 776 1263 820 monuit
1296 776 1536 821 Ruhnken.
1573 777 1618 820 in

368 854 536 916 Opusc.
588 872 628 915 p.
682 857 733 899 15
787 854 854 899 ed.
898 853 1017 898 Kidd
1060 854 1132 909 (cf.
1175 854 1319 900 Index
1357 854 1414 899 ad
1448 855 1620 899 Timaei

371 931 515 978 Gloss.
567 932 634 977 ed.
678 931 848 988 Koch),
907 947 1010 976 nain
1057 931 1179 992 apud
1226 931 1479 977 Homerum
1529 948 1620 977 non

373 1020 536 1058 exstat.
588 1011 631 1069 1)

436 1091 569 1135 polit.
617 1090 660 1134 ῙῘ
703 1106 744 1150 p.
787 1092 873 1134 379
921 1088 967 1134 C.
1006 1099 1097 1136 Τῶν
1137 1102 1270 1137 κακῶν
1300 1096 1392 1138 ἄλλ’
1426 1101 1530 1138 ἄττα
1562 1098 1624 1138 δεῖ

374 1178 506 1227 ζητεῖν
541 1180 586 1215 τὰ
612 1176 751 1220 αἴτια,
782 1175 872 1213 ἀλλ’
905 1180 949 1214 ozlv
988 1179 1053 1215 τὸν
1084 1181 1178 1218 θεόν.

435 1247 590 1293 Stallb.
622 1249 814 1293 conferri
836 1249 969 1307 jubet
1005 1248 1135 1292 Polit.
1175 1248 1216 1292 V
1246 1266 1286 1308 p.
1320 1252 1406 1294 617
1427 1249 1479 1293 E.
1498 1248 1621 1293 Addi

373 1334 564 1386 possunt
614 1326 726 1369 Tim.
784 1342 825 1386 p.
879 1328 934 1370 56
987 1325 1039 1383 C,
1074 1327 1246 1371 Politia.
1282 1344 1322 1387 p.
1365 1329 1452 1372 273
1495 1327 1543 1371 B.
1573 1326 1620 1372 C.

436 1405 567 1449 polit.
618 1404 663 1448 ῘῙ
696 1421 737 1464 p.
769 1407 857 1448 382
888 1405 938 1448 Ῑ).
980 1416 1157 1461 Ποιητὴς
1189 1414 1261 1461 μὲν
1287 1415 1367 1463 ἄρα
1395 1411 1545 1462 ψευδὴς
1579 1414 1620 1451 ἓν

373 1493 441 1538 Θεῷ
472 1489 542 1528 οὐκ
582 1490 654 1528 ἔνι.

436 1560 708 1619 Conjectura
743 1562 891 1606 locuni
928 1577 1083 1605 sanare
1102 1563 1351 1607 voluerunt
1370 1561 1618 1606 Markland.

374 1641 431 1685 ad
467 1641 648 1701 Lysiam
692 1657 733 1701 p.
777 1643 865 1685 408
918 1640 982 1685 ed.
1027 1641 1188 1686 Reiske
1233 1647 1277 1685 et
1310 1641 1549 1686 Ruhnken.
1580 1641 1627 1684 in

375 1718 541 1779 Opusc.
593 1727 701 1764 tom.
748 1720 767 1763 I
812 1736 853 1779 p.
892 1721 980 1763 234
1017 1719 1086 1763 ed.
1124 1719 1386 1778 Bergman.‚
1424 1719 1499 1777 qui
1535 1719 1625 1763 lau-

374 1797 543 1842 dantur
587 1814 613 1841 a
644 1797 832 1851 Stallb.,
871 1798 948 1841 scd
994 1797 1178 1842 videtur
1228 1799 1489 1856 conjectura
1535 1813 1625 1841 non

374 1891 488 1937 opus
533 1891 640 1920 esse.
708 1874 929 1920 Similiter
979 1876 1138 1921 Latine
1174 1876 1343 1921 dicitur
1379 1883 1540 1933 „erant
1578 1876 1623 1920 in

375 1955 544 2000 Catone
580 1956 750 1999 multae
786 1955 978 1999 lite1·ae.'’
1014 1956 1180 2000 Phaed.
1211 1973 1252 2015 p.
1294 1958 1348 2000 77
1377 1955 1626 2016 Elegimus

377 2041 464 2086 ἴσως
501 2041 560 2079 ἔνι
603 2056 659 2085 τιὸι
687 2042 752 2078 καὶ
782 2042 823 2079 ἓν
850 2046 942 2091 η’μῒν
969 2047 1076 2087 παῖς.
1137 2034 1394 2081 Schneider.
1430 2033 1485 2079 ad
1516 2034 1559 2078 h.
1595 2034 1623 2077 l.

375 2113 505 2155 affert
533 2111 673 2154 verba
704 2111 899 2171 Diphili,
935 2127 1050 2172 quae
1079 2115 1296 2173 leguntur
1313 2112 1436 2173 apud
1456 2111 1627 2172 Harpo-

377 2191 627 2234 crationeln
661 2191 706 2232 ln
742 2197 1004 2242 δευσοποιόςε
1039 2199 1180 2245 ἀγαθὸς
1211 2200 1358 2250 βαφαῖς
1395 2199 1548 2236 ἔνεστιν
1585 2200 1625 2236 ἐν

433 2406 464 2449 l)
504 2404 545 2439 In
590 2403 799 2450 praefatione
839 2404 882 2439 ad
919 2404 1047 2441 Timaei
1089 2404 1201 2441 Gloss.
1243 2404 1362 2441 scribit
1403 2403 1628 2440 Ruhnkenius

382 2470 556 2505 Platonem
595 2482 709 2505 amare
755 2470 855 2505 verba
887 2471 1026 2517 antiqua
1067 2475 1100 2506 et
1136 2484 1154 2505 a
1183 2471 1314 2516 vulgari
1349 2482 1411 2505 usu
1445 2470 1629 2505 remotiora

380 2538 425 2570 At
460 2547 541 2571 num
585 2536 706 2578 Plato,
742 2536 845 2573 sicuti
874 2536 1120 2583 Thucydides,
1148 2535 1353 2577 Sallustius,
1386 2535 1464 2576 alii,
1501 2534 1628 2570 amavit

379 2602 539 2650 autiquae
567 2601 734 2637 orationis
762 2602 943 2637 colorem?
