1938 3248
1050 358 1105 402 58

449 499 689 544 goreoruni
718 482 878 526 morali
908 488 1004 526 toto
1029 483 1154 526 coelo
1173 481 1390 528 differunt
1408 484 1464 528 ab
1484 485 1561 539 iis,
1581 499 1695 542 quae

452 563 497 605 in
541 561 806 621 fragmentis
844 560 1010 605 nostris
1043 560 1270 620 leguntur.
1338 560 1555 606 Dolemus
1588 568 1695 606 tem-

450 642 571 699 poris
616 641 779 699 injuria
824 638 1102 684 intercidisse
1147 639 1407 683 Aristotelis
1441 640 1608 699 scripta
1639 638 1695 683 de

449 718 653 778 Archyta
685 725 730 763 et
764 717 1057 778 Pythagoreis
1081 711 1146 774 1),
1185 717 1432 777 eademque
1460 734 1486 762 a
1512 718 1695 777 posteri·

449 797 604 842 oribus
644 797 938 857 scriptoribus
978 796 1184 855 neglecta
1217 811 1337 852 esse,
1372 802 1573 841 attamen
1599 796 1696 856 jam

450 877 495 920 in
544 877 598 920 iis
642 893 757 936 quae
802 882 1046 936 supersunt
1092 874 1300 935 pluribus
1350 875 1459 919 locis
1506 874 1695 919 idoneus

449 961 607 998 auctor
653 952 699 1012 2)
764 955 896 1014 longe
965 953 1053 997 alia
1111 967 1194 996 nos
1228 938 1230 940 v
1261 951 1420 1008 docet,
1487 953 1551 996 ita
1614 960 1665 997 ut
1683 988 1693 1007 ,

442 1032 597 1090 judice
642 1033 843 1087 Rittero,
881 1033 978 1090 jam
1018 1030 1123 1075 inde
1165 1036 1340 1075 constet
1373 1031 1570 1089 genuina
1603 1046 1693 1075 non

449 1123 546 1154 esse
596 1111 788 1170 scripta,
850 1124 965 1168 quae
1030 1108 1224 1167 Theagi,
1269 1106 1477 1167 Metopo,
1522 1106 1694 1153 Cliniae

448 1203 474 1231 a
523 1186 714 1232 Stobaeo
773 1188 1051 1233 tribuuntur.
1128 1185 1324 1245 Metaph.
1383 1185 1471 1230 XII
1522 1203 1615 1246 cap.
1667 1190 1693 1232 4

447 1264 534 1321 (ed.
596 1264 807 1322 Stereot.)
872 1275 950 1311 τῶν
1011 1273 1083 1321 μὲν
1142 1273 1216 1320 γὰρ
1275 1272 1453 1320 φυσικῶν
1512 1273 1575 1310 ἐπὶ
1625 1288 1692 1320 μι-

449 1352 541 1401 κρὸν
582 1350 828 1402 Δημόκριτος
868 1354 1000 1403 ἥψατο
1039 1349 1184 1400 μόνον,
1226 1352 1293 1388 καὶ
1334 1350 1506 1401 ὡρίσατο
1536 1352 1619 1395 πῶς
1651 1353 1692 1389 τὸ

446 1431 579 1478 θερμὸν
639 1432 705 1466 καὶ
761 1432 802 1467 τό
846 1428 1024 1481 ψυχρόν,
1067 1431 1104 1467 οἱ
1134 1427 1174 1466 δὲ
1207 1427 1471 1478 Πυθαγόρειοι
1503 1427 1691 1478 πρότερον

447 1617 483 1652 Ε.
525 1630 556 1663 g.
596 1631 614 1653 a
642 1619 680 1654 V.
709 1619 808 1655 Doct.
837 1619 879 1656 Ο.
908 1620 947 1656 F.
974 1620 1140 1666 Gruppe:
1167 1619 1283 1654 Uebei·
1312 1619 1369 1654 die
1394 1619 1603 1666 Fragmente
1632 1619 1692 1654 des

446 1683 614 1729 Archytas
643 1696 675 1719 u.
701 1685 762 1719 der
787 1686 896 1719 'alteru
924 1686 1173 1731 Pythagoreer,
1204 1685 1314 1720 Berol.
1349 1687 1450 1719 1840.
1473 1687 1504 1719 8.
1524 1696 1597 1730 cap.
1616 1685 1691 1727 111,

445 1747 537 1794 quod
579 1748 800 1784 inscribitur:
833 1750 1011 1785 Philolaos
1046 1750 1096 1784 als
1125 1749 1323 1784 Kriterium.
1377 1749 1525 1795 Negavit
1550 1750 1691 1784 authen-

445 1811 527 1847 tiam
558 1813 596 1847 V.
625 1814 721 1848 Doet.
751 1815 1029 1849 Schaarschmidt
1085 1815 1155 1859 (die
1182 1815 1384 1859 angebliche
1412 1814 1690 1849 Schriststellerei

446 1876 506 1911 des
548 1877 747 1923 Philolaus).
800 1879 946 1914 Philolai
983 1878 1176 1914 doctrinam
1214 1878 1271 1926 qui
1312 1881 1451 1927 αὑτοψίᾳ
1487 1889 1691 1924 cognoscere

446 1943 544 1981 velit.
578 1944 731 1979 evolvat:
768 1945 899 1981 Histor.
941 1945 1067 1980 Philus.
1104 1945 1222 1980 Graec.
1266 1949 1300 1979 et
1340 1945 1437 1979 Rom.
1477 1956 1517 1978 ex
1545 1944 1690 1979 sontium

444 2008 528 2044 locis
554 2013 722 2051 context,
756 2011 888 2045 Gothae
924 2013 1027 2052 1857,
1060 2023 1135 2057 pag.
1170 2011 1209 2046 71
1246 2022 1320 2057 sqq.

499 2075 530 2118 l)
559 2074 659 2120 Diog.
687 2075 818 2117 Laert„
844 2076 874 2110 V
900 2078 914 2121 ᾗ
943 2079 1000 2119 25,
1030 2076 1117 2111 inter
1144 2076 1272 2122 scripta
1300 2076 1494 2111 Aristotelis
1509 2079 1690 2110 occurrunt

443 2143 513 2187 περὶ
549 2150 600 2181 τῆς
634 2139 790 2188 Ἀρχύτου
817 2145 1018 2189 φιλοσοφίας,
1053 2140 1097 2185 α’,
1124 2141 1170 2189 β’,
1199 2141 1244 2189 7¹.
1271 2161 1321 2167 —
1347 2144 1388 2176 τὰ
1415 2144 1447 2176 ἐκ
1470 2146 1526 2176 τοῦ
1555 2145 1689 2188 Τιμαίου

443 2207 497 2239 καὶ
531 2213 591 2240 τῶν
628 2205 829 2253 Ἀρχυτείων,
867 2206 896 2243 α’
927 2227 972 2232 -
1011 2209 1088 2254 πρὸς
1119 2210 1191 2248 τοὺς
1226 2211 1455 2254 Πυθαγορείους
1481 2206 1509 2242 α’
1539 2227 1588 2233 -
1619 2210 1688 2253 περὶ

443 2277 502 2303 τῶν
530 2275 747 2318 Πυθαγορείων
778 2269 820 2307 α’.
849 2292 898 2297 ——
926 2271 1047 2306 Obiter
1075 2283 1196 2306 moneo
1225 2271 1394 2316 Archytae
1422 2271 1570 2317 plurima
1601 2272 1685 2317 frag—

444 2338 557 2368 menta
592 2335 716 2370 habere
743 2337 984 2383 Simplicium,
1012 2336 1161 2372 indicata
1187 2337 1222 2372 in
1250 2336 1428 2372 Indicibus
1454 2336 1687 2373 Fabi-iciunis:

443 2399 534 2436 Bibl.
564 2399 620 2434 Gr.
650 2405 731 2436 tom.
762 2401 807 2436 lx
834 2413 866 2447 p.
897 2403 965 2437 535
994 2413 1068 2448 sqq.

496 2466 530 2509 2)
564 2465 766 2502 Aristoleles
802 2466 847 2502 ist
884 2480 948 2503 uns
984 2467 1044 2503 der
1071 2468 1234 2504 sichen-ste
1260 2467 1393 2503 Fiihrer
1420 2467 1454 2503 in
1483 2467 1543 2502 der
1570 2467 1685 2503 Erfor-

443 2531 575 2577 schung
602 2532 663 2566 der
690 2532 872 2579 Pythagor.
901 2533 1136 2579 Philosophie.
1188 2533 1239 2571 Of.
1268 2533 1314 2568 Η.
1343 2533 1473 2567 Ritter:
1503 2532 1624 2568 Gesch.
1653 2532 1685 2568 d.

444 2595 574 2631 Philos.
605 2601 685 2631 tom.
713 2597 727 2631 I
757 2610 786 2643 p.
816 2599 898 2632 369.
