1938 3248
995 350 1052 393 90

394 480 633 535 Tatianus,
684 494 780 538 cap.
828 479 885 522 20
936 475 1060 522 Orat.
1111 475 1168 520 ad
1218 473 1411 522 Graecos
1460 477 1527 522 ed.
1572 478 1641 524 W.

394 559 569 603 Worth.
607 559 779 603 Locum
812 558 923 601 mihi
957 557 1178 601 indicavit
1211 556 1502 614 Dunckerus,
1529 557 1644 618 Apo-

394 640 481 698 log.
528 655 641 682 saec.
684 637 726 681 ΙΙ
760 638 814 681 de
849 635 1163 681 essentialibus
1196 644 1386 681 naturae
1418 636 1643 682 humanae

394 717 602 777 partibus
636 717 827 777 placita,
862 713 1066 775 Gotting.
1101 717 1233 760 1850.
1269 717 1309 759 4.
1345 731 1385 774 p.
1412 715 1645 771 l3‚simul

395 811 584 840 monens
619 794 912 839 memorabile
945 809 1040 838 esse
1074 793 1318 838 discrimen
1353 794 1473 838 inter
1497 794 1643 838 Plato-

395 875 464 918 nis
498 880 542 917 et
580 872 760 916 Tatiani
794 872 1078 916 sententiam.
1115 870 1375 916 Secundum
1406 871 1644 916 Platonem

395 952 575 996 animus
609 950 744 995 etiam
772 957 875 1010 post
910 951 1088 1010 lapsum
1123 950 1169 994 in
1204 966 1365 1010 corpus
1393 950 1644 995 humanum

396 1030 605 1076 idearum
640 1030 907 1075 memoriam
941 1030 1142 1074 retinuit.
1177 1028 1392 1074 Tatianus
1426 1045 1530 1075 vero
1558 1030 1648 1074 ani-

396 1127 524 1159 mum
559 1109 615 1153 ab
661 1109 788 1152 initio
823 1124 926 1152 cum
962 1124 1146 1168 corpore
1181 1108 1475 1166 conjunctum
1508 1109 1645 1153 fuisse

397 1185 551 1241 docet,
597 1188 881 1231 materialem
915 1187 1071 1241 illum,
1106 1194 1152 1231 et
1185 1187 1347 1246 spiritu
1377 1186 1533 1231 divino
1562 1188 1646 1231 ela·

398 1271 496 1308 tum
547 1264 604 1308 ad
660 1251 894 1324 regionem
950 1266 1351 1325 supercoelestem,
1398 1273 1496 1310 tum
1541 1280 1647 1310 vero

398 1350 561 1399 quum'
587 1341 816 1400 peccando
860 1358 1032 1401 pennas
1067 1343 1268 1386 amiserit
1302 1343 1347 1386 in
1382 1342 1549 1386 hancce
1584 1343 1645 1386 in-

398 1419 607 1465 feriorem
641 1428 809 1465 terram
838 1427 1073 1481 tanquam·
1092 1422 1323 1481 propriam
1351 1437 1480 1466 suam
1499 1420 1649 1466 sedem

400 1499 630 1558 relapsum
675 1516 792 1555 esse,
838 1501 1094 1560 cognitione
1133 1501 1216 1546 Dei
1245 1500 1455 1546 orbatum
1476 1538 1485 1555 ‚
1521 1502 1649 1559 cujus

400 1576 647 1621 imbecilles
696 1584 876 1622 tantum
922 1585 967 1623 et
1005 1578 1230 1623 invalidae
1275 1579 1493 1637 reliquiae
1528 1579 1649 1638 apud

401 1669 504 1697 eum
534 1656 845 1700 remanserint.

465 1731 654 1776 phaedr.
705 1750 746 1792 p.
790 1736 876 1777 257
918 1735 965 1778 Ε.
1026 1740 1186 1786 Γλυκύς
1227 1743 1383 1790 ἀγκών,
1414 1736 1444 1779 ὦ
1476 1740 1648 1791 Φαῖδρε,

402 1813 534 1865 λέληθέ
570 1829 630 1861 σε,
662 1818 722 1855 ὅτι
753 1818 832 1856 ἀπὸ
861 1824 1011 1868 μακροῦ
1040 1821 1220 1866 (ιγκῶνυς
1258 1824 1323 1858 τοῦ
1359 1821 1461 1874 nard
1496 1817 1648 1858 Νεῒλυν

403 1891 553 1942 έκληθη.

464 1964 565 2011 Non
610 1965 927 2025 adscripserim
971 1966 1120 2011 verbis
1162 1968 1280 2021 illis,
1321 1983 1435 2026 quac
1484 1968 1650 2011 mirum

401 2051 624 2102 quantum
675 2044 942 2104 interpretes
989 2046 1277 2103 cruciarunt,
1328 2046 1515 2090 solenne
1560 2060 1651 2090 cor-

403 2124 605 2182 ruptelae
678 2124 872 2181 signum.
938 2124 1196 2168 Lectionem
1256 2134 1408 2180 μακροῦ
1462 2131 1651 2168 tuentur

402 2200 639 2254 Hermas,
696 2208 740 2244 et
796 2201 1063 2245 Eustathius
1123 2201 1179 2245 ad
1232 2200 1359 2245 Iliad.
1424 2213 1485 2254 Κ,
1547 2217 1649 2261 pag.

407 2280 506 2322 791.
574 2278 617 2333 1)
693 2279 943 2338 Utriusque
1004 2280 1317 2324 testimonium
1380 2280 1424 2323 in
1492 2278 1649 2324 Stallb.

457 2535 491 2578 Ι)
531 2533 686 2568 Eustath.
715 2554 763 2560 —
790 2553 837 2560 -
865 2532 907 2567 ad
940 2532 1040 2567 Hom.
1068 2531 1167 2566 Iliad.
1197 2530 1250 2565 Ad
1278 2531 1382 2565 fidem
1408 2531 1557 2578 exempli
1587 2531 1651 2566 Ro-

405 2599 495 2636 mani
528 2599 604 2639 ed..
634 2598 728 2646 Lips.
762 2597 865 2634 1827.
895 2601 926 2634 4.
956 2602 1037 2632 tom.
1066 2596 1082 2631 I
1115 2608 1190 2645 pag.
1220 2595 1301 2632 317.
