1938 3248
995 336 1053 405 50

395 459 513 519 cepit
546 458 592 503 in
621 457 800 502 Italiam
836 466 882 502 et
910 456 1110 502 Siciliam
1132 459 1200 513 1),
1220 458 1300 502 ubi
1320 458 1518 502 multum
1537 474 1640 502 cum

392 538 463 582 his
507 536 792 596 philosophis
825 536 934 590 fuit,
972 543 1070 579 tum
1105 535 1233 592 inde,
1263 536 1386 596 quod
1418 534 1559 580 Cebes
1596 545 1641 580 et

393 615 627 672 Simmias‚
660 624 907 674 antequam
938 613 1167 659 Socratem
1195 614 1431 670 adierunt,
1461 615 1641 659 audive—

393 702 503 738 runt
528 693 789 738 Philolaum
824 690 894 749 2),
930 692 1060 751 cujus
1094 693 1263 736 librum
1292 693 1338 736 in
1366 701 1457 737 tres
1491 701 1640 752 partes

394 771 595 815 divisum
633 770 955 830 philosophum
1000 771 1046 813 in
1091 770 1223 814 Italia
1255 771 1416 814 emisse
1450 770 1642 814 tradunt

394 847 570 894 Gellius
615 847 800 905 (Noctes
842 849 939 892 Att.
986 847 1049 892 III
1087 864 1121 891 c.
1162 849 1215 892 17
1250 846 1272 906 ξ
1310 851 1330 892 1
1367 850 1475 906 sq.)‚
1510 848 1638 907 Diog.

394 927 604 971 Laertius
638 925 700 984 (V
732 924 755 983 ξ
789 923 891 982 84),
926 923 1081 969 Cicero
1114 925 1242 984 (Rep.
1273 925 1292 968 Ι
1319 941 1413 984 cap.
1455 925 1539 982 10).

457 1003 654 1047 Virtutis
688 1003 960 1047 divisionem
995 1003 1375 1062 quadripartitam
1404 1003 1641 1047 Platonem

394 1081 605 1125 habuisse
639 1097 665 1124 a
693 1080 992 1139 Pythagoreis
1024 1081 1204 1124 monuit
1239 1079 1641 1139 wyttenbachius,

396 1159 448 1202 V.
484 1157 573 1214 CL,
608 1158 737 1216 cujus
767 1158 812 1201 in
846 1158 1153 1202 Philomathia
1186 1157 1248 1216 (II
1283 1173 1324 1217 p.
1363 1157 1470 1213 240)
1506 1159 1643 1202 verba

393 1238 505 1281 haec
537 1244 673 1281 sunt:
711 1235 877 1292 „Quod
906 1237 1048 1295 vulgo
1083 1237 1228 1279 fertur
1245 1235 1484 1281 Platonem
1501 1237 1641 1296 philo-

394 1315 579 1375 sophiae
614 1321 792 1374 partem
821 1314 1041 1359 moralem
1074 1332 1100 1358 a
1134 1313 1316 1359 Socrate
1349 1315 1563 1360 sumsisse
1597 1323 1643 1360 et

393 1394 542 1452 ipsum
583 1392 811 1437 Socratem
857 1408 956 1436 eam
1002 1393 1199 1451 primum
1244 1392 1472 1449 docuisse,
1508 1394 1642 1438 habet

393 1471 478 1515 hoc
537 1470 747 1514 nonnihil
793 1470 1085 1525 temeritatis3
1131 1469 1357 1528 siquidem
1396 1471 1492 1529 jain
1538 1480 1641 1516 ante

393 1548 622 1594 Socratem
655 1548 931 1607 Pythagorei
960 1549 1087 1592 illam
1121 1557 1295 1607 partem
1325 1550 1383 1593 ad
1411 1550 1640 1607 quandam

392 1628 618 1672 rationem
647 1625 881 1687 (systema)
916 1626 1210 1687 redegerant,
1254 1643 1420 1686 eosque
1455 1629 1500 1673 in
1535 1629 1640 1684 hac,

394 1714 445 1750 ut
474 1707 519 1749 in
547 1706 733 1764 reliquis
761 1706 1076 1765 philosophiae
1105 1705 1311 1765 partibus
1340 1708 1551 1766 frequens
1581 1723 1641 1751 se-

393 1791 525 1828 cutus
570 1791 637 1827 est
677 1783 833 1838 Plato;
882 1791 933 1828 ut
972 1800 1029 1828 ex
1072 1800 1230 1828 eorum
1276 1784 1478 1842 reliquiis
1518 1785 1641 1843 apud

393 1860 639 1906 stobaeum
674 1861 865 1905 servatis
900 1861 1154 1920 horumque
1183 1877 1287 1905 cum
1315 1861 1504 1906 Platone
1524 1878 1625 1906 com

392 1939 625 1998 paratione
659 1939 946 1996 intelligitur.
1004 1939 1062 1983 Et
1080 1939 1286 1984 Socrates
1305 1941 1449 1983 solam
1467 1940 1640 1983 ethicae

392 2024 567 2076 partem
614 2030 925 2075 παραινετικημ,
972 2033 1087 2076 quae
1132 2024 1199 2062 est
1235 2017 1290 2060 de
1341 2017 1508 2061 officiis
1552 2025 1637 2061 tra-

444 2176 478 2220 1)
506 2174 556 2210 De
582 2175 735 2211 Platonis
762 2176 943 2211 itineribus
970 2175 1110 2211 omnino
1138 2175 1244 2221 digna
1266 2182 1317 2211 est
1336 2188 1422 2224 quae
1442 2177 1640 2212 consulatur

392 2240 547 2285 „Comm.
575 2240 692 2275 Critic.
720 2241 764 2275 de
791 2241 944 2276 Platonis
972 2253 1059 2288 quae
1086 2241 1241 2275 feruntur
1269 2241 1425 2287 epistolis
1450 2243 1639 2288 praealll,

392 2305 459 2339 VII
494 2310 526 2339 et
564 2305 687 2347 VI11,”
713 2318 775 2340 scr.
809 2307 844 2340 V.
875 2306 964 2341 Doct
1003 2306 1048 2340 H.
1076 2307 1116 2340 T.
1147 2306 1310 2346 Karsten,
1340 2307 1430 2351 Traj.
1459 2307 1501 2342 nd
1531 2308 1638 2342 Rhen.

396 2371 499 2405 1364.
526 2381 559 2416 p.
593 2373 803 2413 128—150,
835 2374 1047 2407 163-180,
1084 2372 1313 2407 Laudatorem
1333 2373 1463 2407 invenit
1482 2373 1522 2408 V.
1540 2373 1638 2409 Doct.

393 2435 435 2471 D.
466 2436 597 2482 Burger
622 2437 702 2472 Jun.
730 2438 782 2472 in:
811 2438 981 2483 Tijdschr.
1011 2451 1038 2474 v.
1069 2439 1100 2472 d.
1133 2437 1272 2473 Nederl.
1303 2438 1426 2484 Gymn.
1459 2441 1638 2486 1868s64,

392 2513 425 2547 p.
460 2501 662 2538 137—140.

443 2569 477 2611 2)
506 2566 681 2602 Phaedon.
711 2581 745 2615 p.
777 2571 817 2603 61
852 2569 892 2604 D.
