1938 3248
1011 320 1068 364 96

477 443 681 490 Platonis
740 443 953 504 mythum
1019 442 1075 488 de
1133 450 1254 488 terra
1302 450 1348 489 et
1386 442 1442 489 de
1489 450 1664 489 tartaro

414 525 739 582 interpretatur
787 521 848 565 Io.
894 521 1022 581 Bapt.
1073 520 1306 567 Gamotius
1334 522 1382 567 in
1408 521 1664 582 Theophra-

414 601 472 646 sti
527 600 724 660 Metaph.
779 602 834 645 65
890 600 934 644 Β.
986 598 1028 655 1)
1072 598 1317 660 Componit
1360 617 1464 645 oum
1508 600 1664 645 alteris

413 679 592 723 duobus
635 678 840 723 Platonis
884 679 994 722 locis
1038 679 1084 722 in
1129 677 1299 739 Gorgia
1344 680 1469 723 etin
1498 678 1664 723 Politia

414 756 635 816 proditis,
675 763 719 800 et
764 757 959 800 aliorum
1014 757 1287 801 testimoniis
1335 763 1381 801 et
1429 756 1664 801 sententiis

414 835 694 893 amplissime
727 835 941 878 illustrat.

477 911 706 956 Phaedon.
741 928 783 971 p.
824 914 908 956 109
944 912 998 956 D.
1023 948 1031 956 .
1051 949 1059 956 .
1085 949 1092 956 .
1117 948 1126 956 .
1159 921 1368 964 οἷκοῦντας
1401 922 1474 969 γὰρ
1506 920 1549 958 ἕν
1581 935 1660 958 τινι

415 995 536 1046 κοίλῳ
582 1002 648 1045 τῆς
692 1002 761 1044 γῆς
800 997 943 1036 οἴεσθαι
986 998 1119 1035 ἐπάνω
1167 997 1287 1046 αὐτῆς
1322 1000 1469 1043 οἴκεῒν,
1494 999 1660 1036 καὶτὸν

414 1074 512 1124 ἀέρα
553 1073 725 1123 οὐρανὸν
767 1071 929 1122 καλεῖν,
981 1075 1032 1118 ώς
1063 1074 1130 1112 διὰ
1162 1077 1303 1112 τούτου
1340 1074 1510 1124 οὐρανοῦ
1547 1076 1661 1119 ὄντος

417 1154 464 1190 τὰ
492 1154 621 1201 ἄστρα
664 1155 879 1203 χωροῦντα.

478 1223 666 1268 Arridet
726 1224 984 1268 emendatio
1044 1240 1181 1282 quam
1251 1225 1489 1284 proposuit
1539 1224 1661 1268 Frid.

412 1295 602 1356 JaCOBS,
658 1300 988 1346 Additamenta
1049 1302 1274 1346 animadv.
1331 1303 1377 1346 in
1440 1300 1659 1345 Athenaei

414 1380 649 1439 Deipnos.‚
687 1378 830 1423 «lenae
886 1381 1015 1424 1809.
1074 1382 1114 1424 8.
1158 1396 1200 1440 p.
1253 1381 1339 1435 35,
1375 1378 1559 1424 rescribi
1590 1379 1660 1438 ju-

413 1459 523 1501 bens
551 1467 602 1509 ιὸς
632 1464 698 1502 διὰ
729 1469 872 1503 τούτου
900 1468 1077 1514 ὁρῶντας
1109 1468 1157 1503 τὰ
1181 1469 1309 1514 ἄστρα
1340 1467 1418 1502 κτὲ.
1455 1457 1661 1500 Platonis

413 1535 549 1580 verba
592 1542 904 1596 superstructa
952 1544 1060 1582 sunt
1108 1535 1410 1597 etymologiae
1449 1533 1661 1580 vocabuli
1695 1522 1700 1527 ⁸

413 1620 605 1669 οὐρανός,
635 1614 757 1672 quod
787 1614 1056 1659 derivabant
1088 1616 1145 1659 ab
1186 1624 1309 1671 ὁρᾶν,
1348 1614 1478 1674 quasi
1495 1622 1658 1671 ὁρανός,

413 1692 535 1750 quod
569 1693 628 1736 sit
656 1693 773 1738 visui
807 1695 1017 1753 pervium
1051 1702 1097 1738 et
1126 1694 1312 1738 minime
1345 1692 1540 1737 densum
1578 1691 1662 1750 (ita

416 1770 622 1813 Ambros.
680 1771 727 1814 in
782 1770 1001 1815 Hexaem.
1065 1770 1129 1815 Cf.
1177 1770 1329 1830 Steph.
1375 1769 1505 1813 Thes.
1548 1762 1659 1827 ling.

415 1845 610 1890 Graecae
644 1855 674 1890 t.
705 1848 770 1891 VI
803 1864 845 1907 p.
878 1850 995 1893 7069
1034 1849 1101 1892 ed.
1138 1847 1433 1906 Valpianae)‚
1467 1853 1547 1890 aut
1578 1856 1659 1891 ἀπὸ

414 1936 480 1970 τοῦ
505 1933 661 1982 ὁρᾶσθαι
687 1934 784 1972 ἅνω.
823 1924 906 1983 (Cf.
943 1926 1111 1972 Phurn.
1143 1926 1198 1971 de
1232 1933 1322 1970 nat.
1352 1925 1471 1970 deor.
1496 1941 1590 1984 cap.
1615 1925 1659 1979 I,

413 2001 480 2046 ed.
517 2000 628 2047 Gale
661 2020 703 2063 p.
743 2005 863 2057 139.)

475 2082 702 2126 Phaedon.
738 2099 779 2141 p.
825 2086 909 2126 115
948 2083 1066 2126 Ε..
1100 2090 1199 2139 μηδὲ
1236 2089 1330 2141 λέγῃ
1362 2092 1404 2128 ἐν
1442 2095 1490 2139 τῇ
1523 2095 1657 2139 ταφῇ,

412 2168 463 2212 ὡς
510 2174 531 2217 η’
579 2168 803 2217 προτίθεται
844 2172 1043 2218 Σωκράτη
1081 2172 1106 2218 ἡ
1145 2168 1296 2219 ἐκφέρει
1344 2172 1370 2218 ἤ
1412 2172 1657 2218 κατορύττει.

465 2367 498 2409 l)
538 2365 701 2400 Tradidit
725 2366 786 2400 ille
814 2366 1069 2414 philosophiam
1098 2367 1275 2403 Bononiae
1301 2370 1334 2402 et
1361 2367 1564 2402 Macen-atae.
1592 2367 1658 2402 Ob.

411 2444 440 2466 a.
476 2432 563 2465 1591
594 2430 640 2476 (Ρ)
674 2431 821 2477 Scripsit
847 2433 1132 2468 commentarium
1165 2433 1199 2468 in
1224 2432 1377 2479 primum
1404 2432 1660 2479 Metaphysices

411 2496 652 2541 Theophrasti.
706 2497 794 2531 Vide
834 2497 878 2531 de
917 2510 956 2532 eo
1004 2498 1143 2540 „Nouw
1183 2498 1291 2543 biogr.
1320 2497 1437 2532 nniv.⁰’
1466 2501 1547 2532 tom.
1576 2497 1658 2532 VIII

411 2561 530 2608 (Paris.
566 2563 701 2607 1854),
729 2574 804 2609 pag.
834 2565 915 2598 358.
