1938 3248
1026 330 1082 373 66

422 452 675 496 habebant:
707 449 710 510 1
742 453 1009 512 praesertim
1028 468 1131 496 cum
1151 459 1398 513 tempestas
1417 454 1609 511 ridebat,
1640 454 1644 514 Ι

421 538 465 575 et
508 531 614 575 anni
659 537 863 591 tempora
912 531 1160 591 pingebant
1201 531 1452 577 viridaneis
1485 533 1672 578 floribus

421 610 594 665 herbas,
625 607 629 668 Ι
659 616 758 653 tum
786 610 902 668 joca,
937 617 1038 653 tum
1077 625 1250 666 sermo,
1280 618 1381 655 tum
1400 611 1557 656 dulces
1575 628 1670 656 esse

420 687 629 732 cachinni
659 685 663 745 Ι
695 694 986 731 consuerant:
1023 689 1212 747 agrestis
1247 689 1369 732 enim
1408 696 1507 733 tum
1542 706 1673 734 musa

422 766 639 826 vigebat'',
676 773 722 810 et
754 782 869 825 quae
903 765 1114 826 deinceps
1149 767 1362 827 leguntur
1384 768 1431 812 in
1448 768 1497 812 T.
1512 768 1671 813 Lucre-

423 847 471 890 tii
520 846 622 892 Cari
669 846 866 891 editione
911 862 951 904 q.
998 863 1031 889 c.
1080 844 1120 889 S.
1166 845 1479 907 Havercamp,
1527 847 1574 891 L.
1621 848 1669 891 B.

426 927 557 970 1725.
594 928 633 969 4.
672 933 779 969 tom.
815 924 859 968 ΙΙ
892 941 934 984 p.
971 927 1075 968 411.
1117 925 1158 975 1)
1593 944 1596 945 ⁷

485 1003 618 1047 polit.
664 1002 705 1046 ῙῙ
750 1019 790 1061 p.
842 1004 930 1045 372
962 1002 1009 1045 Ε.
1070 1010 1124 1047 011·
1165 1008 1302 1056 πόλιν,
1335 1012 1386 1055 ώς
1423 1011 1544 1057 ἔοικέ,
1578 1025 1670 1049 σκο-

423 1095 569 1138 ποῦμεν
612 1091 716 1133 ὅπως
760 1089 970 1136 γίγνεται,
1020 1086 1123 1125 ἀλλὰ
1176 1089 1241 1125 καὶ
1289 1089 1496 1138 τρυφῶσαν
1533 1087 1665 1127 πόλιν.

422 1168 511 1212 ἴσως
547 1162 619 1205 οὖν-
651 1166 740 1204 οὐδὲ
774 1168 904 1211 κακῶς
937 1166 1031 1218 ἔχει·
1070 1170 1308 1211 σκοποῦντες
1339 1169 1412 1216 γὰρ
1444 1168 1508 1204 καὶ
1532 1170 1670 1205 τοιαύ-

422 1261 493 1296 την
532 1245 619 1298 τάχ’
655 1247 707 1285 ἂν
726 1244 958 1294 κατίδοιμεν
980 1249 1049 1294 τήν
1067 1260 1106 1283 τε
1125 1244 1385 1294 δικαιοσῦνηι·
1405 1246 1470 1282 καὶ
1488 1244 1668 1292 ἀδικίαν,

418 1328 494 1376 ὅπῃ
540 1325 634 1363 ποτὲ
668 1328 753 1368 ταῖς
784 1321 946 1362 πόλεσιν
984 1325 1216 1374 ἐμφύονται.

482 1396 751 1455 Explicatur
794 1395 848 1437 iis
889 1409 1005 1452 quae
1040 1395 1084 1437 in
1120 1395 1287 1437 vicinia
1321 1395 1560 1453 leguntur,
1591 1395 1669 1438 ubi

419 1473 530 1517 dicit>
590 1473 794 1517 Socrates
844 1471 951 1516 inde
985 1473 1090 1516 oriri
1126 1472 1246 1516 bella
1279 1488 1335 1516 ex
1369 1473 1534 1530 quibus
1578 1490 1668 1517 ma-

415 1567 530 1609 gnae
564 1551 844 1594 calamitates
879 1550 1112 1594 civitatem
1150 1549 1386 1594 invadant:
1429 1566 1518 1594 non
1549 1552 1689 1595 suffi--

417 1630 505 1673 ciet
543 1629 770 1672 exercitus
820 1628 898 1685 qui
948 1628 1120 1672 civitati
1167 1627 1401 1687 hucusque
1434 1628 1550 1683 fuit,
1587 1629 1666 1672 sed

418 1707 570 1766 plures
615 1712 749 1751 crunt
788 1705 1079 1766 comparandi
1127 1705 1318 1762 milites,
1364 1705 1469 1750 inde
1503 1707 1583 1751 fiet
1615 1714 1665 1752 ut

417 1786 614 1844 agricola
663 1786 737 1827 vol
787 1785 1005 1827 coriarius
1056 1786 1127 1827 vel
1178 1785 1294 1827 alius
1328 1785 1492 1827 artifex
1528 1785 1665 1828 simul

416 1865 474 1909 sit
518 1864 648 1908 miles
708 1861 791 1919 (Cf.
827 1879 868 1922 p.
905 1861 1028 1920 374.)
1096 1861 1164 1907 Ita
1204 1863 1417 1907 informat
1450 1863 1662 1908 vitiosam

415 1944 646 1986 civitatem
684 1943 822 1999 juxta
866 1957 1046 1995 sanam,
1104 1948 1155 1985 ut
1204 1949 1419 2000 appareat
1468 1957 1557 1999 qua
1590 1943 1665 1986 via

414 2024 526 2080 ίόπῃ)
555 2022 598 2065 in
634 2020 897 2065 civitatibus
930 2021 1136 2065 oriantur
1152 2020 1332 2078 justitia
1349 2028 1395 2064 ct
1412 2020 1659 2078 injustitia,

415 2116 473 2145 SC.
515 2115 573 2144 QX
607 2105 985 2158 πολυπραγμοσύνῃ.

467 2325 500 2368 l)
544 2322 816 2358 Annotationum
856 2322 891 2357 in
932 2322 1131 2358 Lucretium
1171 2323 1343 2369 specimen
1371 2323 1661 2359 communicatum

412 2401 489 2424 cum
516 2389 570 2425 Jo.
598 2388 731 2424 clerico
758 2401 777 2424 a
804 2389 857 2424 Jo.
891 2389 1140 2436 Barbeyracio,
1169 2389 1226 2436 qui
1256 2389 1356 2424 edere
1386 2389 1520 2425 volebat
1546 2394 1659 2425 aucto-

413 2468 483 2491 rem
511 2456 625 2495 hunc,
651 2456 801 2502 reperias
828 2456 863 2491 in
892 2456 1006 2503 Opere
1030 2469 1047 2491 c
1088 2460 1110 2491 t.
1144 2455 1387 2503 Bibliotheque
1415 2456 1553 2491 Choisie
1580 2461 1660 2493 tom.

412 2521 526 2556 XVII!
556 2533 585 2567 p,
618 2523 686 2555 242
715 2534 813 2569 sqq.,
846 2533 989 2568 quarum
1017 2526 1129 2556 tamen
1159 2521 1415 2556 annotationum
1443 2523 1538 2557 nulla
1567 2523 1657 2568 apud

413 2586 705 2631 Havercampium
739 2587 824 2621 sacta
853 2587 990 2622 mentio.
