1938 3248
917 352 940 394 7

303 481 423 519 runt.
490 474 697 520 Fortasse
726 475 773 519 in
797 489 849 518 ea
871 473 1097 518 sententia
1123 473 1212 516 fuit
1236 471 1400 515 Daniel
1423 470 1547 530 Wyt-

303 553 507 597 tenbach.
539 553 591 598 V.
621 552 711 609 CL,
739 551 986 596 abhorrens
1014 551 1093 595 ille
1121 551 1194 595 vel
1218 566 1245 593 a
1269 549 1546 594 dictionibus

302 631 356 675 iis
381 647 495 690 quae
523 631 786 676 Latinorum
811 646 985 676 morem
1009 645 1101 674 non
1119 629 1229 674 satis
1245 629 1467 673 referrent
1488 625 1543 685 1).

294 698 504 755 'Vocabat
560 710 638 755 ille
692 726 793 755 eas:
849 710 1075 767 „virtutes
1129 708 1357 769 principes
1374 707 1410 763 ,’'
1465 713 1546 751 aut

302 788 581 833 memorabat
604 789 881 845 „solemnem
904 788 1089 833 virtutis
1112 787 1160 831 in
1181 793 1378 846 quatuor
1393 791 1544 845 partes

302 866 669 910 distributionem
681 867 716 921 ‚''
750 865 1263 910 similibusveutebatur
1284 864 1543 924 appellatio·

301 943 444 987 nibus.
479 941 558 987 Off.
586 942 738 987 Editio
765 942 1018 988 Phaedonis
1044 959 1087 1002 p.
1120 944 1230 997 172,
1250 940 1335 1001 Op.
1353 940 1544 985 Moralia

300 1021 418 1066 Plut.
452 1029 560 1067 tom.
596 1021 661 1067 VI
692 1037 734 1081 p.
773 1022 794 1065 1
831 1038 872 1081 p.
909 1023 1022 1077 275,
1056 1020 1113 1065 V.
1143 1019 1261 1066 Clar.
1290 1020 1541 1065 Annotatio

299 1099 356 1144 ad
388 1100 538 1145 Posid.
573 1099 717 1145 Rhod.
751 1100 878 1159 relig.
914 1116 954 1160 p.
992 1101 1104 1156 282,
1135 1098 1327 1143 Philom.
1357 1105 1466 1143 tom:
1496 1098 1541 1142 ΙΙ

299 1195 341 1238 p.
377 1181 480 1224 240.

361 1257 584 1317 Equidem
631 1273 864 1302 assensum
907 1256 1147 1316 praebeam
1196 1256 1447 1300 sententiae
1492 1255 1539 1300 in

299 1350 388 1394 qua
410 1336 498 1380 fuit
522 1335 669 1380 editor
691 1334 875 1380 Eusebii
893 1334 1102 1394 Praepar.
1122 1333 1336 1393 Evangel.
1355 1334 1432 1379 lib.
1451 1333 1541 1379 XV

300 1412 421 1456 Frid.
440 1412 637 1471 Adolph.
656 1411 921 1456 Heinichen:
939 1411 1129 1455 Theorie
1147 1411 1225 1456 des
1242 1412 1541 1456 lateinischen

300 1490 433 1545 Stils,
479 1490 657 1550 Lipsiae
705 1492 821 1534 1842
866 1506 908 1549 p.
954 1492 1038 1546 49,
1084 1491 1212 1549 cujus
1255 1490 1394 1535 verba
1431 1490 1541 1535 haec

300 1574 429 1613 sunt:
477 1568 678 1625 „virtutes
719 1566 959 1612 cardinales
992 1568 1040 1612 in
1073 1567 1154 1613 der
1185 1567 1330 1612 Moral
1362 1568 1542 1613 mochte

298 1646 416 1690 auch
459 1646 585 1690 nicht
626 1646 790 1690 immer
831 1647 917 1690 mit
960 1647 1129 1691 virtutes
1163 1646 1405 1706 pri-mariae
1448 1662 1543 1691 ver-

298 1724 478 1769 tauscht
506 1724 711 1780 werden,
740 1725 823 1770 wie
850 1724 996 1770 Krebs
1020 1725 1151 1770 will.''
1185 1725 1283 1770 Aut
1304 1725 1440 1770 fallor
1462 1731 1543 1769 aut

297 1803 474 1847 censuit
501 1803 596 1848 Vir.
625 1802 752 1848 Doct.
782 1804 1025 1848 formulam
1054 1803 1272 1863 loquendi
1299 1819 1370 1860 „v.
1397 1802 1540 1848 card.”

296 1881 580 1926 retinendam
618 1897 735 1938 esse,
764 1882 898 1926 sicuti
930 1882 1040 1926 alias
1058 1881 1303 1941 ejusmodi,
1322 1888 1539 1940 tanquam

296 1960 544 2004 terminum
587 1959 845 2005 technicum
889 1975 1025 2018 quem
1065 1966 1252 2015 vocant,
1288 1974 1341 2003 ea
1373 1959 1539 2018 signifi-

295 2039 470 2083 catione
507 2053 597 2097 qua
639 2038 913 2098 plerumque
958 2045 1227 2099 usurpatur,
1262 2039 1429 2098 quippe
1464 2038 1536 2082 cui

294 2103 423 2161 nulla
465 2133 558 2161 vox
595 2117 739 2160 bonae
773 2116 1031 2161 Latinitatis
1065 2117 1174 2161 satis
1207 2123 1416 2160 accurate
1449 2131 1536 2160 res-

293 2193 511 2254 pondeat;
555 2192 861 2254 abrogandam
898 2209 994 2238 csse
1027 2193 1215 2239 eandem
1249 2193 1328 2238 ubi
1360 2192 1539 2238 adhibe·

292 2279 397 2317 atur
439 2273 496 2317 ad
540 2272 804 2317 indicandas
837 2274 1082 2318 nonnullas
1117 2274 1336 2329 virtutes,
1371 2272 1537 2332 quibus

291 2351 405 2396 aliae
449 2367 540 2396 non
575 2351 982 2408 „subordinentur”
1017 2352 1097 2397 sed
1132 2351 1535 2409 „0001·dinentur‚”

344 2533 378 2577 1)
416 2531 485 2567 Osr.
530 2533 565 2568 V.
605 2533 694 2568 Clar.
728 2533 882 2569 Censura
919 2534 1015 2580 Disp.
1049 2534 1127 2570 Jani
1162 2534 1303 2570 ottonis
1339 2533 1466 2569 Sluiter
1501 2532 1536 2567 in

290 2598 453 2635 Biblioth.
480 2598 615 2636 Critica.
642 2599 720 2636 Vol.
749 2599 820 2643 111,
848 2600 885 2636 P.
914 2600 974 2637 XI.
