1938 3248
852 369 909 412 65

321 489 453 535 Polit.
493 490 536 535 ῙῙ
580 507 621 550 p.
669 492 757 535 366
802 489 856 534 Α.
929 496 1096 538 Λίκαιοι
1150 499 1223 546 μὲν
1273 499 1346 546 γὰρ
1393 499 1505 541 ὄντες

257 574 417 625 ἀζήμιοι
449 577 586 625 ’μόνον
625 576 701 613 ὑπὸ
748 576 842 620 θεῶν
888 574 1057 623 ἐσόμεθα.

322 646 608 692 Vocabulum
655 654 777 702 μόνον
835 660 894 690 ex
948 645 1110 690 multis
1160 644 1290 689 codd.
1336 648 1506 706 recepit

251 722 415 770 'Stallb.
435 761 445 781 ‚
496 740 659 769 verum
692 723 811 767 illud
845 722 1154 767 omittendum
1187 738 1282 767 esse
1318 733 1507 784 apparet

260 819 318 848 ex
365 803 420 847 iis
471 817 588 862 quae
640 802 795 846 statim
839 800 1103 846 adduntur:
1160 806 1294 847 ἄδικοι
1331 808 1373 847 δὲ
1416 825 1505 861 κερ-

260 888 457 937 δανοῦμέν
498 902 538 925 τε
578 889 644 925 καὶ
675 885 895 936 λισσόμενοι
925 887 1237 938 ὑπερβαίνοντες
1270 890 1335 925 καὶ
1375 891 1505 938 ἁμαρ-

262 971 474 1014 τάνοντες,
532 967 729 1012 πείθοντες
786 966 930 1012 αὐτοὺς
988 965 1146 1016 ἀζήμιοι
1205 966 1505 1019 ἀπαλλάξομεν.

261 1039 560 1083 Schneiderus
594 1040 754 1083 statuit
781 1046 905 1094 μόνον
936 1037 1147 1082 additum
1179 1053 1274 1082 esse
1312 1039 1368 1084 ab
1401 1056 1505 1085 ano-

259 1133 397 1177 nymo
409 1153 419 1173 ‚
455 1125 507 1162 ut
524 1117 761 1161 Platonem
780 1124 1021 1161 exornaret
1037 1124 1173 1175 atque
1191 1118 1500 1176 amplificaret.

260 1195 464 1241 Muretus
525 1196 784 1254 conjectura
838 1196 931 1255 legi
980 1196 1185 1240 voluerat
1229 1203 1302 1251 μέν
1322 1235 1332 1251 ,
1380 1198 1503 1257 quod

267 1289 370 1317 cum
417 1284 535 1333 μόνον
570 1274 699 1317 facile
732 1274 985 1332 permutari
1018 1274 1179 1332 potuit.
1216 1273 1333 1318 Nam
1367 1276 1506 1319 etiam

259 1352 554 1397 vetustissimi
583 1351 756 1396 codices
785 1351 980 1411 quasdas
1004 1367 1136 1396 voces
1158 1352 1205 1396 in
1235 1353 1503 1412 compendio

260 1430 485 1485 scribunt,
522 1431 584 1474 ita
617 1436 668 1473 ut
697 1430 892 1489 primam
909 1437 1089 1474 tantum
1107 1437 1242 1488 atque
1261 1431 1472 1475 ultimam
1495 1468 1503 1483 ,

261 1508 489 1553 interdum
524 1515 568 1551 et
596 1508 795 1552 mediam
828 1509 1028 1563 literam,
1063 1524 1145 1567 pro
1185 1509 1364 1568 integra
1394 1526 1504 1554 voce

262 1594 434 1647 ponant
466 1587 587 1630 linea
620 1586 918 1646 superducta⁷
937 1587 1023 1631 hoe
1039 1585 1199 1630 modo:
1234 1593 1374 1640 ΠΡΟ,
1415 1585 1508 1644 δί’),

264 1676 413 1716 ΣΗΡ,
452 1664 555 1719 Ῡῖ,
608 1674 762 1717 ΠΡΑ,
812 1665 976 1719 ΜΡΑ,
1009 1665 1111 1715 ΙῑΩῗ
1143 1663 1287 1717 Ῑῆῇ,
1315 1673 1508 1710 ΑΝΘΝ.

266 1743 332 1788 De
364 1743 435 1788 his
468 1743 661 1802 aliisque
695 1743 1110 1788 abbreviationibus
1144 1743 1264 1788 tritis
1293 1750 1337 1788 et
1354 1744 1508 1803 vulga·

267 1822 393 1865 ribus
427 1821 532 1865 vide
566 1821 698 1865 Bern.
733 1822 789 1865 de
824 1821 1142 1877 Montfaumn,
1179 1821 1413 1880 Palaeogr.
1434 1819 1509 1865 Gr.

265 1899 428 1954 Paris,
477 1900 619 1954 1708,
652 1916 693 1959 p.
730 1902 817 1944 341
851 1916 914 1957 sq.

327 1977 459 2021 Polit.
495 1977 539 2021 Π
573 1994 613 2036 p.
650 1980 737 2022 372
773 1979 826 2021 A.
887 1982 1017 2022 ‘'AM-0
1048 1999 1084 2022 τι
1117 1990 1141 2034 η’“
1166 1986 1273 2023 σῖτόν
1297 1999 1336 2021 τε
1354 1988 1512 2022 ποιοῦν-

267 2077 326 2106 τες
376 2065 441 2100 καὶ
478 2060 588 2101 οἶνον
621 2065 685 2100 καὶ
719 2064 855 2111 ἱμάτια
895 2065 961 2100 καὶ
992 2062 1228 2112 ὑποδήματα
1266 2065 1331 2100 καὶ
1364 2062 1514 2100 οἰκοδο-

263 2144 478 2191 μησάμενοι
520 2143 647 2186 οῗκίας
695 2141 826 2191 θέρους
855 2142 927 2190 μὲν
959 2143 1009 2179 τὰ
1035 2139 1162 2179 πολλοὶ
1193 2142 1337 2190 γυμνοί
1368 2156 1407 2178 τὲ
1442 2143 1508 2178 καὶ

265 2220 511 2270 ἀνυπόδητοι
543 2223 803 2271 ἐργάσονται,
836 2223 914 2259 κτὲ.

328 2293 381 2336 In
420 2293 504 2336 hac
538 2294 665 2336 suavi
699 2294 817 2337 vitae
851 2293 1040 2352 agrestis
1074 2292 1376 2351 descriptione
1411 2308 1510 2336 eon-

264 2372 437 2415 feratur
476 2370 736 2426 Lucretius,
782 2370 838 2416 de
882 2377 1049 2415 natura
1081 2386 1235 2415 rerum
1272 2371 1313 2414 V
1348 2389 1357 2414 z
1393 2372 1509 2415 1391

266 2465 385 2509 seqq.
421 2448 589 2510 „Saepe
623 2450 774 2509 itaque
797 2451 918 2494 inter
941 2465 988 2494 se
1005 2450 1222 2509 prostrati
1241 2450 1287 2493 in
1304 2449 1512 2509 gramine

266 2529 395 2573 molli
424 2527 429 2588 l
459 2535 644 2588 propter
675 2544 818 2588 aquae
852 2529 1027 2585 rivum,
1063 2528 1146 2572 sub
1176 2528 1314 2572 ramis
1338 2527 1512 2572 arboris

267 2608 396 2651 altae.
439 2605 443 2666 Ι
484 2607 585 2653 Non
640 2608 816 2667 magnis
879 2606 1042 2668 opibus
1081 2606 1283 2666 jucunde
1325 2622 1513 2666 corpora

1297 2694 1320 2721 o
