1938 3248
837 362 889 406 75

236 487 328 532 suit
375 494 487 533 ὅταν.
547 485 718 530 Verum
764 500 945 530 sensum
991 485 1078 530 loci
1115 492 1234 531 reete
1270 487 1311 530 ni
1349 487 1482 531 fallor

237 565 413 621 Astius,
448 564 666 625 probante
701 563 973 609 Sehneidero
991 600 1001 620 ‚
1023 565 1259 609 constituit
1278 565 1418 609 hunc:
1444 566 1481 609 si

236 643 550 687 commendare
588 643 666 701 qui
694 643 810 686 forte
844 643 933 686 huc
972 641 1050 699 (ad
1085 642 1256 687 bonum
1275 650 1319 687 et
1341 644 1481 688 virtu-

237 720 347 780 tem)
379 722 600 767 feruntur.
637 720 768 776 Quod
802 721 840 764 si
876 722 937 765 ita
954 728 1022 766 est
1038 728 1240 781 praestat
1259 738 1482 767 commen-

238 801 345 847 dare
379 801 617 846 lectionem
651 800 896 859 vulgatam.

300 880 432 925 Polit.
468 879 533 923 VI
566 895 607 938 p.
643 880 731 923 498
766 878 809 922 A
843 914 850 922 .
873 915 880 923 .
903 914 909 921 .
932 915 939 923 .
983 888 1023 925 ἐν
1062 886 1103 924 δὲ
1138 892 1189 936 τῷ
1222 888 1378 933 ἔπειτα,
1410 890 1478 926 ἐὰν

238 969 303 1006 καὶ
342 964 477 1005 ἄλλων
520 970 632 1003 τοῦτο
673 967 929 1013 πραττόντων
961 964 1310 1016 παρακαλοιῖμὲνοι
1345 964 1480 1005 ἐθέλω-

238 1059 300 1084 σιν
347 1045 542 1095 ἀκροαταὶ
586 1045 811 1091 γίγνεσθαι,
847 1042 1004 1093 μέγαλα
1036 1048 1252 1093 ἡγοῦνται,
1284 1049 1479 1096 πάρεργον

239 1126 409 1174 οῗόμενοι
446 1123 542 1161 αὐτὸ
573 1121 656 1161 δεῖν
691 1126 893 1173 πράττειν.

300 1195 474 1239 Verum
533 1195 629 1253 jam
688 1194 868 1239 videtui·
928 1196 1119 1239 sensisse
1175 1194 1209 1238 F
1213 1196 1357 1239 icilius
1401 1197 1477 1254 qui

239 1274 388 1317 locum
449 1274 512 1316 sie
565 1272 786 1316 reddidit:
850 1274 912 1328 „si
970 1273 1026 1316 ab
1076 1273 1173 1317 aliis
1219 1273 1265 1317 id
1314 1274 1481 1333 agenti-

238 1353 323 1396 bus
369 1353 598 1411 provoeati
648 1351 876 1396 auditores
917 1352 1014 1396 fieri
1063 1353 1318 1411 patiantur,
1371 1368 1481 1411 may-

238 1446 344 1475 num
387 1431 494 1490 quid
539 1430 762 1490 coyz'tant'',
813 1438 896 1475 eet.
958 1428 1183 1474 Contexta
1229 1431 1372 1475 oratio
1413 1431 1481 1475 illi

239 1510 602 1570 interpretationi
656 1510 790 1553 favet.
872 1509 977 1553 Non
1043 1510 1269 1554 immerito
1325 1516 1480 1555 autem

240 1589 377 1632 verba
430 1593 586 1644 μέγαλα
617 1599 810 1644 ἡγοῦνται
841 1595 943 1646 post
971 1589 1166 1632 aliorum
1201 1590 1481 1647 conjecturas

242 1666 437 1710 tentavit
481 1665 566 1709 Vir
608 1664 673 1710 Ol.
701 1665 743 1709 J.
779 1665 831 1709 A.
868 1664 913 1709 C.
951 1682 989 1710 v.
1027 1665 1233 1721 Heusde‚
1270 1666 1484 1711 dubitans

243 1759 393 1788 annon
455 1744 535 1786 illa
592 1745 759 1787 locutio
813 1744 1004 1788 barbara
1049 1745 1198 1803 potius
1249 1746 1307 1788 sit
1349 1760 1485 1802 quam

244 1820 437 1877 Graeca,
456 1822 625 1866 nedum
645 1822 890 1866 Platonica.
910 1822 1104 1881 Conjicit
1122 1821 1366 1882 legendum
1390 1838 1485 1867 esse

240 1904 602 1959 μεγαλαυχοῦνται.
644 1900 687 1953 1)
732 1900 790 1946 Et
819 1917 925 1946 sane
954 1901 1316 1961 frequentissime
1345 1902 1390 1945 in
1420 1917 1486 1945 co-

240 1978 417 2023 dicibus
467 1980 710 2039 scriptione
756 1981 972 2025 continua
1005 1981 1201 2025 exaratis
1236 1980 1348 2024 vitia
1386 1987 1487 2023 orta

243 2064 349 2100 sunt
383 2073 405 2100 e
439 2073 579 2116 prava
611 2057 903 2103 distinctione
922 2060 1178 2103 verborum.
1199 2058 1260 2102 At
1278 2074 1368 2102 non
1387 2074 1485 2118 pro-

243 2135 444 2179 baverim
479 2136 843 2181 emendationem
876 2143 1252 2196 μεγαλαυχοῦνται,
1283 2137 1390 2195 quia
1407 2137 1488 2180 illa

242 2215 392 2258 minus
442 2216 653 2259 convenit
704 2232 807 2260 eum
858 2217 1001 2260 ironia
1050 2231 1164 2274 quae
1199 2223 1353 2259 nostro
1389 2216 1485 2259 loco

243 2293 369 2338 inest.
437 2293 585 2349 Quare
634 2285 789 2340 malim
838 2297 988 2355 legere
1029 2303 1132 2352 μέγα
1183 2317 1217 2339 τι
1276 2304 1482 2351 ἡγοῦνται.

297 2556 330 2600 l)
370 2553 448 2590 Vid.
472 2554 600 2591 Theses
626 2555 777 2602 adjectae
803 2555 875 2602 ejus
903 2555 1138 2592 dissertationi
1164 2568 1195 2603 q.
1224 2556 1246 2592 i.
1278 2557 1323 2593 M.
1351 2556 1486 2592 Tullius

244 2621 362 2657 Cicero
390 2624 618 2664 Φιλοπλάτων,
647 2622 735 2669 Traj.
764 2622 808 2658 ad
834 2622 964 2666 Ehem,
992 2623 1098 2659 1836.
1127 2625 1158 2659 8.
