1938 3248
995 344 1020 387 6

383 470 503 515 Frid.
540 468 750 514 Staudlin
765 502 775 522 ‚
800 465 950 511 Neues
973 463 1134 510 Lehrb.
1160 466 1202 510 d.
1227 465 1383 511 Moral.
1409 469 1436 511 f.
1461 468 1629 526 Theol.‚

384 546 628 607 Gottingae
672 547 789 591 1825
828 561 871 605 p.
909 545 1023 601 253,
1069 550 1114 588 et
1147 545 1194 588 in
1228 545 1413 605 Krugii,
1448 547 1630 607 Encycl.

386 627 555 671 Philos.
591 624 748 670 Lexik.
782 630 891 668 tom.
927 622 948 668 Ι
981 639 1023 683 p.
1060 625 1163 668 361.

448 705 615 749 Procul
649 698 789 747 dubio
822 717 933 762 prae
965 701 1067 746 aliis
1101 703 1298 747 conferri
1322 711 1556 750 merentur
1577 704 1634 749 de

385 784 471 828 hoe
525 782 671 842 eapite
726 780 961 825 doctrinae
1007 780 1192 824 moralis
1235 780 1530 837 Thomasius,
1577 781 1633 826 de

386 868 584 922 quatuor
600 857 850 904 virtutibus
869 857 1038 902 cardin.
1059 858 1179 918 Lips.
1198 861 1314 904 1665
1331 858 1470 916 (laud.
1485 876 1512 904 a
1523 860 1570 906 C.
1585 860 1632 904 F.

387 937 619 994 Staudlin)
648 943 692 980 et-
721 935 932 981 Clodius:
968 934 1265 995 Programma
1300 936 1356 980 de
1386 937 1634 982 virtutibus

388 1032 500 1077 quas
534 1014 786 1060 cardinales
819 1013 1063 1073 appellant.
1099 1012 1271 1058 Comm.
1302 1013 1356 1058 II.
1382 1014 1527 1060 Adest
1548 1014 1634 1060 Ex-

388 1110 549 1139 cursus
593 1094 639 1137 in
685 1090 845 1137 Galeni
888 1091 1097 1135 libellum
1142 1090 1264 1151 quod
1309 1108 1456 1137 mores
1494 1092 1635 1137 animi

388 1173 590 1234 eorporis
624 1176 983 1231 temperamenta
1012 1177 1284 1230 sequantur,
1309 1171 1488 1232 Lipsiae
1515 1173 1634 1216 1820

388 1249 496 1308 (Gfr.
516 1250 824 1310 Engelmann‚
843 1247 1057 1293 Biblioth.
1078 1249 1229 1309 script.
1249 1250 1435 1295 classed.
1454 1266 1491 1295 a.
1516 1251 1632 1295 1858

389 1347 420 1375 s.
457 1346 498 1374 v.
536 1327 789 1386 „Galenus”
829 1324 885 1384 1).
952 1326 1179 1372 Neutrum
1224 1328 1391 1373 librum
1430 1328 1544 1373 mihi
1577 1326 1635 1371 ad

388 1423 577 1453 manum
610 1407 749 1450 fuisse
782 1411 851 1450 est
883 1404 1007 1464 quod
1041 1404 1242 1461 doleam,
1268 1406 1332 1450 ita
1354 1407 1475 1450 enim
1499 1420 1637 1465 cogor

389 1503 491 1532 meo
524 1486 670 1531 Marte
704 1500 800 1529 rem
833 1484 1054 1543 persequi.

451 1565 526 1609 An
559 1564 668 1608 lieet
703 1562 863 1606 Latine
896 1561 1199 1606 scribentibus
1233 1561 1288 1607 de
1322 1569 1519 1622 quatuor
1555 1561 1637 1605 vir-

389 1642 566 1688 tutibus
598 1641 826 1700 primariis
860 1640 1074 1697 antiquae
1107 1640 1419 1700 philosophiae
1451 1640 1635 1683 nomine

392 1722 524 1778 „vii-t.
559 1719 705 1764 card.''
739 1719 843 1763 uti?
907 1718 1040 1763 Dicat
1074 1720 1176 1778 quis
1204 1719 1261 1764 ab
1285 1720 1382 1779 ejus
1404 1734 1490 1764 usu
1512 1733 1635 1778 pror-

390 1814 467 1843 sus
500 1795 822 1842 abstinendum
851 1811 968 1852 esse,
998 1796 1224 1857 siquidem
1243 1803 1422 1842 constat
1444 1795 1635 1841 vocabu-

389 1879 486 1922 lum
521 1875 639 1920 illud
676 1873 851 1931 „eard”
886 1890 978 1918 non
1006 1890 1248 1935 usurpasse
1268 1876 1372 1920 illos
1395 1876 1637 1935 scriptores

390 1956 725 2009 Romanorum,
761 1953 840 2013 qui
869 1953 1052 2013 linguae
1082 1969 1216 1998 usum
1244 1960 1452 1999 accurate
1485 1960 1637 1998 tenue-

388 2135 614 2181 allgemeinen
639 2133 885 2179 Sittengesetze
910 2134 972 2168 auf
990 2134 1119 2169 welche
1136 2134 1204 2169 alle
1221 2134 1353 2169 anderu
1371 2133 1640 2179 zuruokgemhrt

391 2199 527 2235 werden
554 2201 692 2235 miissen
720 2197 790 2234 und
819 2197 882 2233 mit
908 2197 1020 2235 denen
1046 2198 1121 2235 sich
1149 2198 1205 2234 die
1223 2211 1328 2246 ganze
1345 2198 1556 2235 Sittlichkeit
1575 2198 1638 2234 mit

390 2267 501 2302 einem
528 2265 648 2302 Blicke
675 2264 910 2301 iiberschauen
937 2265 1021 2301 liisst
1047 2265 1248 2312 dargesteut
1273 2277 1315 2301 zu
1341 2265 1457 2301 sehen.

444 2334 479 2378 1)
514 2331 607 2368 Addi
641 2334 807 2379 possunt:
844 2330 1016 2379 Wyttenb.
1050 2330 1094 2366 ad
1132 2330 1222 2369 Plut.
1258 2330 1301 2366 de
1335 2330 1414 2367 aud.
1441 2330 1574 2378 poetis,
1602 2330 1637 2373 Ι,

391 2410 425 2444 p.
453 2398 522 2434 275
550 2397 639 2433 coll.
667 2410 745 2433 eum
765 2397 910 2433 Krebsii
938 2400 1017 2434 nota
1043 2409 1077 2444 p.
1104 2399 1195 2441 224,
1220 2396 1371 2433 Fabricii
1391 2396 1640 2443 prolegomena

392 2463 427 2498 in
455 2461 583 2497 Marini
611 2463 715 2498 vitam
743 2463 855 2499 Procli
882 2463 1008 2499 Hamb.
1041 2463 1155 2506 1700,
1184 2462 1264 2499 Chr.
1294 2462 1424 2498 Garve:
1464 2462 1535 2498 Oia.
1553 2461 1638 2497 iiber

393 2527 448 2562 die
462 2527 629 2562 Pflichten
645 2531 726 2562 tom.
740 2528 785 2569 11,
799 2539 831 2574 p.
846 2530 900 2563 60.
929 2528 1008 2564 Duo
1022 2528 1139 2576 priora
1152 2527 1227 2563 loca
1240 2528 1337 2563 affert
1350 2527 1390 2563 C.
1405 2527 1443 2564 F.
1459 2526 1638 2565 Staudlin:

393 2593 509 2629 Neues
536 2591 662 2628 Lehrb.
687 2604 718 2639 p,
751 2594 833 2629 253.
