1938 3248
879 356 935 399 23

282 476 494 535 praebeat
515 475 558 533 1)
575 492 807 535 nunquam
826 483 978 521 tamen
997 477 1170 521 socium
1188 491 1234 520 se
1252 476 1387 519 offert
1404 475 1524 533 cupi-

284 553 519 609 ditatibus,
544 561 643 598 tum
665 554 761 612 ipse
778 554 1022 612 imperium
1039 554 1267 597 affectans.
1296 551 1523 606 Quodam·

283 630 416 675 modo
455 632 570 676 mira
605 631 785 676 videtur
812 631 891 675 illa
918 631 1164 687 sententia,
1199 631 1367 675 etenim
1400 636 1524 674 amat

282 708 411 753 Plato
435 711 521 754 tria
549 710 611 753 ita
643 709 913 768 conjungere
928 745 939 765 ‚
971 715 1021 753 ut
1046 725 1190 753 unum
1208 709 1302 754 sive
1320 708 1522 753 medium

240 777 245 781 ¹
281 787 506 846 particeps
540 787 598 831 sit
626 786 862 846 utriusque
893 786 1114 843 extremi,
1150 792 1314 843 δέσμους
1346 795 1387 832 ἐν
1416 791 1521 842 μέσῳ

281 871 429 919 ἀμφοῖν
454 871 722 918 ξυναγωγοιῖς.
779 862 844 908 Cf.
893 864 1007 907 Tim.
1054 880 1096 923 p.
1143 865 1199 906 31
1245 863 1279 908 C
1324 871 1369 907 et
1411 863 1521 906 alibi

281 942 328 986 in
355 941 468 986 Tim.
506 942 622 987 Volo
652 941 902 993 τριχοτομίας
931 941 1159 998 Platonis,
1189 957 1385 1001 quarum
1403 942 1519 986 aliae

281 1020 326 1062 in
351 1034 399 1063 re
416 1020 589 1078 positae
606 1027 730 1076 sunt,
749 1020 862 1063 aliae
879 1020 1114 1078 attingunt
1129 1020 1341 1073 formam,
1360 1018 1518 1072 verba,

281 1113 393 1154 quas
415 1096 583 1141 dixeris
607 1104 857 1155 τριχοτομίας
881 1098 1112 1141 oratorias.
1146 1097 1370 1156 Exempla
1388 1104 1517 1140 sunt:

282 1183 377 1226 θεὸς,
407 1183 481 1220 θεοὶ
510 1182 720 1232 γεννητοί,
747 1184 948 1232 ἄνθρωπος
979 1204 1030 1209 -
1060 1183 1202 1232 σοφία,
1231 1180 1328 1228 δόξα
1357 1180 1519 1232 ἀληθής,

281 1259 425 1308 ἀμαθία
462 1252 612 1312 Symp.
642 1269 684 1312 p.
718 1253 801 1296 189
829 1251 882 1295 D.
900 1252 975 1295 E.:
1006 1261 1163 1309 πρῶτον
1186 1261 1259 1308 μὲν
1285 1261 1375 1310 τρία
1400 1257 1448 1308 ἦν
1471 1261 1520 1297 τὰ

281 1337 378 1387 γένη
413 1340 491 1377 τῶν
525 1338 767 1387 ἀνθρώπων,
803 1337 873 1388 οὐχ
908 1336 1034 1387 ὥσπερ
1072 1343 1142 1377 νῦν
1175 1337 1269 1382 δυὀ,
1301 1341 1422 1389 ἄρρεν
1452 1339 1519 1375 καὶ

281 1412 393 1461 θῆλυ,
430 1413 532 1452 ἀλλὰ
571 1417 638 1453 καὶ
678 1415 811 1464 τρίτον
842 1417 1008 1464 προςῆν,
1039 1416 1174 1452 κοινὸν
1204 1416 1249 1453 ὄν
1274 1415 1520 1465 ἀμφοτέρων.

282 1482 370 1529 Ofr.
399 1502 442 1544 p.
475 1488 561 1530 190
585 1485 646 1541 Β,
673 1487 761 1530 202
786 1485 852 1539 Α,
878 1487 966 1529 203
991 1484 1051 1540 Ε,
1079 1487 1168 1529 204
1191 1484 1252 1540 Β,
1274 1485 1408 1530 Polit.
1434 1487 1522 1541 VI,

281 1578 323 1621 p.
365 1564 452 1607 507
481 1563 540 1619 E,
575 1562 707 1620 VIII,
740 1579 783 1623 p.
815 1563 902 1607 547
936 1562 997 1618 D,
1031 1562 1220 1607 Phaedr.
1254 1580 1296 1623 p.
1334 1566 1421 1609 253
1458 1564 1520 1619 Ι),

283 1640 416 1699 Legg.
446 1641 579 1697 VIII,
607 1658 649 1700 p.
680 1644 769 1685 837
799 1641 854 1684 D.
906 1640 1093 1685 Similia
1123 1643 1331 1700 exempla
1358 1642 1525 1685 iuveni-

282 1724 423 1762 untur
462 1719 507 1762 in
544 1720 809 1778 fragmentis
853 1718 1243 1778 Pythagoreorum
1276 1718 1400 1778 apud
1427 1718 1522 1764 Sto-

280 1795 465 1851 baeum,
500 1797 556 1841 de
589 1797 754 1856 quibus
781 1803 939 1856 postea
971 1797 1058 1840 erit
1089 1795 1253 1855 agendi
1284 1797 1421 1841 loeus.

342 1874 474 1920 Polit.
519 1876 583 1920 IX
626 1893 669 1935 p.
713 1878 798 1921 581
844 1875 892 1920 Β.
960 1884 1017 1920 Τὸ
1051 1880 1248 1931 θυμοειδε,ι
1278 1881 1323 1920 οὐ
1354 1884 1447 1932 πρὸς
1480 1884 1521 1919 τό

280 1966 440 2010 κρατεῖν
459 1961 596 2010 μέντοι
618 1963 747 2012 φαμὲν
771 1963 837 1999 καὶ
860 1959 1083 2009 εὐδοκιμεῖν
1104 1959 1164 1996 ἀεὶ
1186 1957 1281 1997 ὅλον
1303 1960 1519 2010 ώρμῆσθαι;

279 2041 359 2077 Καὶ
403 2038 522 2088 μάλα.
590 2042 641 2078 Εἰ
684 2036 753 2079 οὖν
798 2037 1025 2089 φιλόνεικον
1071 2037 1168 2075 αὐτὸ
1209 2039 1275 2074 καὶ
1305 2036 1517 2087 φιλότιμον

280 2120 654 2168 προςαγορεύοιμεν,
698 2116 718 2166 ἦ
765 2115 934 2167 ἐμμελῶς
979 2118 1030 2155 ἂν
1077 2116 1182 2168 ἔχου
1219 2113 1519 2164 Ἐμμελέστατα

276 2196 349 2244 μὲν
379 2190 462 2234 οὖν.

341 2265 557 2323 Cobetus,
580 2268 663 2312 Vir
685 2267 815 2324 Clar.,
839 2267 1007 2326 ubique
1032 2266 1364 2312 restituendum
1388 2266 1521 2310 docet

277 2351 496 2402 φιλόνικον.
557 2347 714 2391 Astius
753 2347 800 2390 in
835 2345 983 2391 Lexie.
1020 2345 1196 2389 Platon.
1232 2351 1338 2388 tom.
1375 2344 1442 2388 III
1475 2362 1517 2403 p.

328 2586 362 2628 1)
389 2583 540 2619 P01.111
568 2596 601 2630 p.
629 2585 699 2618 411
727 2584 775 2626 E,
803 2585 874 2618 410
903 2583 952 2624 ι),
980 2583 1012 2619 11
1040 2594 1073 2630 p.
1095 2582 1163 2618 375
1187 2582 1231 2624 Β,
1252 2581 1344 2618 Tim.
1359 2584 1456 2629 μω)
1473 2581 1515 2618 D.
