<?xml version="1.0" encoding="UTF-8"?>
<!DOCTYPE html PUBLIC "-//W3C//DTD XHTML 1.0 Transitional//EN"
    "http://www.w3.org/TR/xhtml1/DTD/xhtml1-transitional.dtd">
<html xmlns="http://www.w3.org/1999/xhtml" xml:lang="en" lang="en">
 <head>
  <title>
</title>
<meta http-equiv="Content-Type" content="text/html;charset=utf-8" />
  <meta name='ocr-system' content='tesseract 3.04.00' />
  <meta name='ocr-capabilities' content='ocr_page ocr_carea ocr_par ocr_line ocrx_word'/>
</head>
<body>
  <div class='ocr_page' id='page_1' title='image "4737914_0064.png"; bbox 0 0 1938 3248; ppageno 0'>
   <div class='ocr_carea' id='block_1_1' title="bbox 1005 336 1066 380">
    <p class='ocr_par' dir='ltr' id='par_1_1' title="bbox 1005 336 1066 380">
     <span class='ocr_line' id='line_1_1' title="bbox 1005 336 1066 380; baseline 0 0"><span class='ocrx_word' id='word_1_1' title='bbox 1005 336 1066 380; x_wconf 84' lang='lat'><strong>48</strong></span> 
     </span>
    </p>
   </div>
   <div class='ocr_carea' id='block_1_2' title="bbox 404 458 1657 1281">
    <p class='ocr_par' dir='ltr' id='par_1_2' title="bbox 404 458 1657 1281">
     <span class='ocr_line' id='line_1_2' title="bbox 412 458 1657 514; baseline 0.002 -11"><span class='ocrx_word' id='word_1_2' title='bbox 412 461 524 514; x_wconf 87' lang='lat'><strong>737,</strong></span> <span class='ocrx_word' id='word_1_3' title='bbox 571 461 683 514; x_wconf 84' lang='lat'><strong>739,</strong></span> <span class='ocrx_word' id='word_1_4' title='bbox 730 460 845 512; x_wconf 86' lang='lat'><strong>746,</strong></span> <span class='ocrx_word' id='word_1_5' title='bbox 895 459 1006 514; x_wconf 89' lang='grc'><strong>743,</strong></span> <span class='ocrx_word' id='word_1_6' title='bbox 1053 459 1166 512; x_wconf 87' lang='grc'><strong>751,</strong></span> <span class='ocrx_word' id='word_1_7' title='bbox 1213 460 1325 513; x_wconf 80' lang='grc'><strong>753,</strong></span> <span class='ocrx_word' id='word_1_8' title='bbox 1362 460 1463 503; x_wconf 90' lang='grc'><strong>794.</strong></span> <span class='ocrx_word' id='word_1_9' title='bbox 1528 458 1657 506; x_wconf 78' lang='lat' dir='ltr'><strong>Idem</strong></span> 
     </span>
     <span class='ocr_line' id='line_1_3' title="bbox 409 533 1654 596; baseline -0.002 -14"><span class='ocrx_word' id='word_1_10' title='bbox 409 551 518 582; x_wconf 87' lang='lat' dir='ltr'><strong>usus</strong></span> <span class='ocrx_word' id='word_1_11' title='bbox 556 534 767 581; x_wconf 84' lang='lat' dir='ltr'>vocabuli</span> <span class='ocrx_word' id='word_1_12' title='bbox 810 542 881 580; x_wconf 90' lang='lat' dir='ltr'><strong>est</strong></span> <span class='ocrx_word' id='word_1_13' title='bbox 923 534 969 579; x_wconf 92' lang='lat' dir='ltr'><strong>in</strong></span> <span class='ocrx_word' id='word_1_14' title='bbox 1013 534 1229 594; x_wconf 86' lang='lat' dir='ltr'><strong>Aeschyli</strong></span> <span class='ocrx_word' id='word_1_15' title='bbox 1268 549 1405 580; x_wconf 87' lang='lat' dir='ltr'><strong>versu</strong></span> <span class='ocrx_word' id='word_1_16' title='bbox 1442 533 1582 596; x_wconf 86' lang='lat' dir='ltr'><strong>(Sept.</strong></span> <span class='ocrx_word' id='word_1_17' title='bbox 1618 551 1654 579; x_wconf 90' lang='lat' dir='ltr'><strong>c.</strong></span> 
     </span>
     <span class='ocr_line' id='line_1_4' title="bbox 409 610 1653 669; baseline -0.001 -12"><span class='ocrx_word' id='word_1_18' title='bbox 409 612 548 657; x_wconf 84' lang='lat' dir='ltr'><strong>Theb.</strong></span> <span class='ocrx_word' id='word_1_19' title='bbox 585 610 718 669; x_wconf 81' lang='lat'><strong>577):</strong></span> <span class='ocrx_word' id='word_1_20' title='bbox 751 619 797 657; x_wconf 78' lang='grc' dir='ltr'><strong>οὐ</strong></span> <span class='ocrx_word' id='word_1_21' title='bbox 827 621 902 668; x_wconf 74' lang='grc' dir='ltr'><strong>γὰρ</strong></span> <span class='ocrx_word' id='word_1_22' title='bbox 933 618 1065 657; x_wconf 74' lang='grc' dir='ltr'><em>δοκεῖν</em></span> <span class='ocrx_word' id='word_1_23' title='bbox 1099 618 1256 663; x_wconf 78' lang='grc' dir='ltr'><strong><em>δίκαιος</em></strong></span> <span class='ocrx_word' id='word_1_24' title='bbox 1285 617 1376 656; x_wconf 74' lang='grc' dir='ltr'><strong><em>ἀλλ’</em></strong></span> <span class='ocrx_word' id='word_1_25' title='bbox 1406 616 1511 657; x_wconf 72' lang='grc' dir='ltr'><strong><em>εἶναι</em></strong></span> <span class='ocrx_word' id='word_1_26' title='bbox 1541 617 1653 659; x_wconf 75' lang='grc' dir='ltr'><strong><em>θέλει.</em></strong></span> 
     </span>
     <span class='ocr_line' id='line_1_5' title="bbox 408 688 1653 752; baseline -0.002 -15"><span class='ocrx_word' id='word_1_27' title='bbox 408 692 651 752; x_wconf 87' lang='lat' dir='ltr'><strong>Apponere</strong></span> <span class='ocrx_word' id='word_1_28' title='bbox 671 690 807 749; x_wconf 81' lang='lat' dir='ltr'><strong>juvat</strong></span> <span class='ocrx_word' id='word_1_29' title='bbox 840 690 1113 735; x_wconf 83' lang='lat' dir='ltr'><strong>sententiam</strong></span> <span class='ocrx_word' id='word_1_30' title='bbox 1131 688 1653 750; x_wconf 81' lang='lat' dir='ltr'><strong>Heusdii(1nit.Phi10s.</strong></span> 
     </span>
     <span class='ocr_line' id='line_1_6' title="bbox 408 767 1654 828; baseline -0.002 -15"><span class='ocrx_word' id='word_1_31' title='bbox 408 769 586 813; x_wconf 85' lang='lat' dir='ltr'><strong>Platon.</strong></span> <span class='ocrx_word' id='word_1_32' title='bbox 633 784 675 828; x_wconf 90' lang='lat' dir='ltr'><strong>p.</strong></span> <span class='ocrx_word' id='word_1_33' title='bbox 724 769 813 812; x_wconf 88' lang='lat'><strong>500</strong></span> <span class='ocrx_word' id='word_1_34' title='bbox 857 768 925 813; x_wconf 85' lang='lat' dir='ltr'><strong>ed.</strong></span> <span class='ocrx_word' id='word_1_35' title='bbox 971 767 1144 825; x_wconf 70' lang='lat' dir='ltr'><strong>alten),</strong></span> <span class='ocrx_word' id='word_1_36' title='bbox 1182 783 1210 812; x_wconf 84' lang='lat' dir='ltr'><strong>a</strong></span> <span class='ocrx_word' id='word_1_37' title='bbox 1236 783 1327 827; x_wconf 92' lang='lat' dir='ltr'><strong>quo</strong></span> <span class='ocrx_word' id='word_1_38' title='bbox 1354 782 1490 814; x_wconf 90' lang='lat' dir='ltr'><strong>nemo</strong></span> <span class='ocrx_word' id='word_1_39' title='bbox 1524 767 1654 812; x_wconf 84' lang='lat' dir='ltr'><strong>facile</strong></span> 
     </span>
     <span class='ocr_line' id='line_1_7' title="bbox 409 846 1655 906; baseline -0.002 -13"><span class='ocrx_word' id='word_1_40' title='bbox 409 849 482 894; x_wconf 82' lang='lat' dir='ltr'><strong>hic</strong></span> <span class='ocrx_word' id='word_1_41' title='bbox 511 847 772 892; x_wconf 79' lang='lat' dir='ltr'><strong>dissentiet:</strong></span> <span class='ocrx_word' id='word_1_42' title='bbox 805 846 1022 892; x_wconf 68' lang='lat' dir='ltr'><strong>Justi‘tiae</strong></span> <span class='ocrx_word' id='word_1_43' title='bbox 1056 847 1182 892; x_wconf 86' lang='lat' dir='ltr'><strong>notio</strong></span> <span class='ocrx_word' id='word_1_44' title='bbox 1209 846 1333 906; x_wconf 83' lang='lat' dir='ltr'><strong>apud</strong></span> <span class='ocrx_word' id='word_1_45' title='bbox 1367 862 1548 892; x_wconf 89' lang='lat' dir='ltr'><strong>omnem</strong></span> <span class='ocrx_word' id='word_1_46' title='bbox 1582 862 1655 890; x_wconf 83' lang='lat' dir='ltr'><strong>an-</strong></span> 
     </span>
     <span class='ocr_line' id='line_1_8' title="bbox 409 921 1654 985; baseline -0.002 -15"><span class='ocrx_word' id='word_1_47' title='bbox 409 925 694 985; x_wconf 84' lang='lat' dir='ltr'><strong>tiquitatem,</strong></span> <span class='ocrx_word' id='word_1_48' title='bbox 729 939 812 970; x_wconf 86' lang='lat' dir='ltr'><strong>nec</strong></span> <span class='ocrx_word' id='word_1_49' title='bbox 845 924 998 969; x_wconf 91' lang='lat' dir='ltr'><strong>minus</strong></span> <span class='ocrx_word' id='word_1_50' title='bbox 1025 923 1146 983; x_wconf 83' lang='lat' dir='ltr'><strong>apud</strong></span> <span class='ocrx_word' id='word_1_51' title='bbox 1165 921 1359 969; x_wconf 87' lang='lat' dir='ltr'><strong>Graecos</strong></span> <span class='ocrx_word' id='word_1_52' title='bbox 1376 939 1515 983; x_wconf 84' lang='lat' dir='ltr'><strong>quam</strong></span> <span class='ocrx_word' id='word_1_53' title='bbox 1532 922 1654 984; x_wconf 85' lang='lat' dir='ltr'><strong>apud</strong></span> 
     </span>
     <span class='ocr_line' id='line_1_9' title="bbox 408 1002 1654 1062; baseline -0.001 -15"><span class='ocrx_word' id='word_1_54' title='bbox 408 1011 567 1062; x_wconf 85' lang='lat' dir='ltr'><strong>gentes</strong></span> <span class='ocrx_word' id='word_1_55' title='bbox 612 1004 878 1058; x_wconf 80' lang='lat' dir='ltr'><strong>orientales,</strong></span> <span class='ocrx_word' id='word_1_56' title='bbox 924 1018 1029 1046; x_wconf 88' lang='lat' dir='ltr'><strong>cum</strong></span> <span class='ocrx_word' id='word_1_57' title='bbox 1061 1002 1234 1046; x_wconf 77' lang='lat' dir='ltr'><strong>moralis</strong></span> <span class='ocrx_word' id='word_1_58' title='bbox 1265 1018 1403 1060; x_wconf 81' lang='lat' dir='ltr'><strong>quam</strong></span> <span class='ocrx_word' id='word_1_59' title='bbox 1437 1017 1654 1046; x_wconf 90' lang='lat' dir='ltr'><strong>vocamus</strong></span> 
     </span>
     <span class='ocr_line' id='line_1_10' title="bbox 404 1080 1652 1141; baseline -0.002 -15"><span class='ocrx_word' id='word_1_60' title='bbox 404 1081 671 1141; x_wconf 59' lang='lat' dir='ltr'><strong>perfectionis</strong></span> <span class='ocrx_word' id='word_1_61' title='bbox 724 1081 908 1126; x_wconf 89' lang='lat' dir='ltr'><strong>notione</strong></span> <span class='ocrx_word' id='word_1_62' title='bbox 960 1081 1203 1139; x_wconf 85' lang='lat' dir='ltr'><strong>conjuncta</strong></span> <span class='ocrx_word' id='word_1_63' title='bbox 1245 1080 1357 1136; x_wconf 84' lang='lat' dir='ltr'><strong>fuit,</strong></span> <span class='ocrx_word' id='word_1_64' title='bbox 1402 1087 1455 1125; x_wconf 89' lang='lat' dir='ltr'><strong>ut</strong></span> <span class='ocrx_word' id='word_1_65' title='bbox 1498 1086 1652 1131; x_wconf 79' lang='grc' dir='ltr'><strong><em>δίκαιος</em></strong></span> 
     </span>
     <span class='ocr_line' id='line_1_11' title="bbox 409 1156 1652 1204; baseline -0.002 -1"><span class='ocrx_word' id='word_1_66' title='bbox 409 1159 638 1204; x_wconf 84' lang='lat' dir='ltr'><strong>diceretur</strong></span> <span class='ocrx_word' id='word_1_67' title='bbox 670 1159 741 1204; x_wconf 86' lang='lat' dir='ltr'><strong>vir</strong></span> <span class='ocrx_word' id='word_1_68' title='bbox 773 1159 920 1202; x_wconf 89' lang='lat' dir='ltr'><strong>bonus</strong></span> <span class='ocrx_word' id='word_1_69' title='bbox 948 1158 1160 1202; x_wconf 87' lang='lat' dir='ltr'><strong>omnibus</strong></span> <span class='ocrx_word' id='word_1_70' title='bbox 1187 1158 1436 1202; x_wconf 83' lang='lat' dir='ltr'><strong>virtutibus</strong></span> <span class='ocrx_word' id='word_1_71' title='bbox 1458 1156 1517 1201; x_wconf 88' lang='lat' dir='ltr'><strong>ad</strong></span> <span class='ocrx_word' id='word_1_72' title='bbox 1539 1157 1652 1201; x_wconf 89' lang='lat' dir='ltr'><strong>bene</strong></span> 
     </span>
     <span class='ocr_line' id='line_1_12' title="bbox 408 1235 954 1281; baseline -0.004 0"><span class='ocrx_word' id='word_1_73' title='bbox 408 1235 658 1281; x_wconf 88' lang='lat' dir='ltr'><strong>vivendum</strong></span> <span class='ocrx_word' id='word_1_74' title='bbox 692 1236 954 1280; x_wconf 86' lang='lat' dir='ltr'><strong>instructus.</strong></span> 
     </span>
    </p>
   </div>
   <div class='ocr_carea' id='block_1_3' title="bbox 933 1356 1090 1360">
    <p class='ocr_par' dir='ltr' id='par_1_3' title="bbox 933 1356 1090 1360">
     <span class='ocr_line' id='line_1_13' title="bbox 933 1356 1090 1360; baseline 0 0"><span class='ocrx_word' id='word_1_75' title='bbox 933 1356 1090 1360; x_wconf 95' lang='lat' dir='ltr'><strong> </strong></span> 
     </span>
    </p>
   </div>
   <div class='ocr_carea' id='block_1_4' title="bbox 978 1480 1076 1540">
    <p class='ocr_par' dir='ltr' id='par_1_4' title="bbox 978 1480 1076 1540">
     <span class='ocr_line' id='line_1_14' title="bbox 978 1480 1076 1540; baseline 0 -14"><span class='ocrx_word' id='word_1_76' title='bbox 978 1480 1076 1540; x_wconf 60' lang='lat' dir='ltr'><strong>§z</strong></span> 
     </span>
    </p>
   </div>
   <div class='ocr_carea' id='block_1_5' title="bbox 406 1628 1651 1767">
    <p class='ocr_par' dir='ltr' id='par_1_5' title="bbox 406 1628 1651 1767">
     <span class='ocr_line' id='line_1_15' title="bbox 406 1628 1651 1690; baseline -0.002 -15"><span class='ocrx_word' id='word_1_77' title='bbox 406 1631 477 1675; x_wconf 79' lang='lat' dir='ltr'><strong>De</strong></span> <span class='ocrx_word' id='word_1_78' title='bbox 505 1646 618 1674; x_wconf 71' lang='lat' dir='ltr'><strong>nexu</strong></span> <span class='ocrx_word' id='word_1_79' title='bbox 645 1629 860 1674; x_wconf 76' lang='lat' dir='ltr'><strong>doctrinae</strong></span> <span class='ocrx_word' id='word_1_80' title='bbox 887 1629 1079 1673; x_wconf 78' lang='lat' dir='ltr'><strong>Platonis</strong></span> <span class='ocrx_word' id='word_1_81' title='bbox 1105 1645 1203 1674; x_wconf 79' lang='lat' dir='ltr'><strong>cum</strong></span> <span class='ocrx_word' id='word_1_82' title='bbox 1213 1629 1476 1690; x_wconf 75' lang='lat' dir='ltr'><strong>fraqmentis</strong></span> <span class='ocrx_word' id='word_1_83' title='bbox 1497 1628 1651 1689; x_wconf 71' lang='lat' dir='ltr'><strong>Pytha-</strong></span> 
     </span>
     <span class='ocr_line' id='line_1_16' title="bbox 601 1706 1453 1767; baseline 0 -14"><span class='ocrx_word' id='word_1_84' title='bbox 601 1723 824 1767; x_wconf 70' lang='lat' dir='ltr'><strong>yoreorum</strong></span> <span class='ocrx_word' id='word_1_85' title='bbox 857 1709 981 1767; x_wconf 76' lang='lat' dir='ltr'><strong>apud</strong></span> <span class='ocrx_word' id='word_1_86' title='bbox 1010 1706 1233 1754; x_wconf 82' lang='lat' dir='ltr'><strong>Stobaeum</strong></span> <span class='ocrx_word' id='word_1_87' title='bbox 1267 1709 1453 1765; x_wconf 73' lang='lat' dir='ltr'><strong>(Floril.)</strong></span> 
     </span>
    </p>
   </div>
   <div class='ocr_carea' id='block_1_6' title="bbox 403 1855 1662 2464">
    <p class='ocr_par' dir='ltr' id='par_1_6' title="bbox 403 1855 1662 2464">
     <span class='ocr_line' id='line_1_17' title="bbox 471 1855 1650 1916; baseline 0.001 -17"><span class='ocrx_word' id='word_1_88' title='bbox 471 1855 603 1911; x_wconf 85' lang='lat' dir='ltr'><strong>Quod</strong></span> <span class='ocrx_word' id='word_1_89' title='bbox 632 1855 677 1900; x_wconf 90' lang='lat' dir='ltr'><strong>in</strong></span> <span class='ocrx_word' id='word_1_90' title='bbox 707 1855 920 1900; x_wconf 86' lang='lat' dir='ltr'><strong>omnibus</strong></span> <span class='ocrx_word' id='word_1_91' title='bbox 948 1856 1084 1901; x_wconf 87' lang='lat' dir='ltr'><strong>rebus</strong></span> <span class='ocrx_word' id='word_1_92' title='bbox 1112 1856 1325 1901; x_wconf 87' lang='lat' dir='ltr'><strong>humanis</strong></span> <span class='ocrx_word' id='word_1_93' title='bbox 1343 1856 1463 1900; x_wconf 87' lang='lat' dir='ltr'><strong>cerni</strong></span> <span class='ocrx_word' id='word_1_94' title='bbox 1481 1862 1650 1916; x_wconf 88' lang='lat' dir='ltr'><strong>potest,</strong></span> 
     </span>
     <span class='ocr_line' id='line_1_18' title="bbox 405 1932 1651 1993; baseline 0 -16"><span class='ocrx_word' id='word_1_95' title='bbox 405 1932 630 1993; x_wconf 88' lang='lat' dir='ltr'><strong>quidquid</strong></span> <span class='ocrx_word' id='word_1_96' title='bbox 684 1949 956 1993; x_wconf 88' lang='lat' dir='ltr'><strong>quocunque</strong></span> <span class='ocrx_word' id='word_1_97' title='bbox 1012 1935 1057 1978; x_wconf 90' lang='lat' dir='ltr'><strong>in</strong></span> <span class='ocrx_word' id='word_1_98' title='bbox 1103 1949 1269 1993; x_wconf 84' lang='lat' dir='ltr'><strong>genere</strong></span> <span class='ocrx_word' id='word_1_99' title='bbox 1312 1934 1538 1993; x_wconf 88' lang='lat' dir='ltr'><strong>posterius</strong></span> <span class='ocrx_word' id='word_1_100' title='bbox 1581 1940 1651 1978; x_wconf 80' lang='lat' dir='ltr'><strong>est</strong></span> 
     </span>
     <span class='ocr_line' id='line_1_19' title="bbox 404 2010 1649 2072; baseline 0 -17"><span class='ocrx_word' id='word_1_101' title='bbox 404 2011 603 2070; x_wconf 88' lang='lat' dir='ltr'><strong>pendere</strong></span> <span class='ocrx_word' id='word_1_102' title='bbox 656 2010 701 2055; x_wconf 91' lang='lat' dir='ltr'><strong>id</strong></span> <span class='ocrx_word' id='word_1_103' title='bbox 746 2027 773 2055; x_wconf 86' lang='lat' dir='ltr'><strong>a</strong></span> <span class='ocrx_word' id='word_1_104' title='bbox 816 2027 864 2055; x_wconf 88' lang='lat' dir='ltr'><strong>re</strong></span> <span class='ocrx_word' id='word_1_105' title='bbox 907 2011 1105 2072; x_wconf 86' lang='lat' dir='ltr'><strong>quadam</strong></span> <span class='ocrx_word' id='word_1_106' title='bbox 1143 2012 1316 2071; x_wconf 89' lang='lat' dir='ltr'><strong>priore,</strong></span> <span class='ocrx_word' id='word_1_107' title='bbox 1361 2012 1528 2071; x_wconf 91' lang='lat' dir='ltr'><strong>quippe</strong></span> <span class='ocrx_word' id='word_1_108' title='bbox 1578 2011 1649 2056; x_wconf 89' lang='lat' dir='ltr'><strong>cui</strong></span> 
     </span>
     <span class='ocr_line' id='line_1_20' title="bbox 404 2089 1649 2150; baseline 0.001 -18"><span class='ocrx_word' id='word_1_109' title='bbox 404 2096 623 2147; x_wconf 81' lang='lat' dir='ltr'><strong>tanquam</strong></span> <span class='ocrx_word' id='word_1_110' title='bbox 678 2089 976 2136; x_wconf 80' lang='lat' dir='ltr'><strong>fundamento</strong></span> <span class='ocrx_word' id='word_1_111' title='bbox 1030 2090 1277 2145; x_wconf 83' lang='lat' dir='ltr'><strong>innitatur,</strong></span> <span class='ocrx_word' id='word_1_112' title='bbox 1332 2090 1380 2134; x_wconf 91' lang='lat' dir='ltr'><strong>id</strong></span> <span class='ocrx_word' id='word_1_113' title='bbox 1428 2090 1649 2150; x_wconf 88' lang='lat' dir='ltr'><strong>imprimis</strong></span> 
     </span>
     <span class='ocr_line' id='line_1_21' title="bbox 405 2156 1662 2227; baseline 0.001 -17"><span class='ocrx_word' id='word_1_114' title='bbox 405 2167 618 2212; x_wconf 84' lang='lat' dir='ltr'><strong>scientiae</strong></span> <span class='ocrx_word' id='word_1_115' title='bbox 662 2168 1044 2227; x_wconf 83' lang='lat' dir='ltr'><strong>scientiarumque</strong></span> <span class='ocrx_word' id='word_1_116' title='bbox 1089 2168 1293 2213; x_wconf 88' lang='lat' dir='ltr'><strong>omnium</strong></span> <span class='ocrx_word' id='word_1_117' title='bbox 1337 2167 1474 2212; x_wconf 87' lang='lat' dir='ltr'><strong>matri</strong></span> <span class='ocrx_word' id='word_1_118' title='bbox 1506 2156 1662 2227; x_wconf 61' lang='lat' dir='ltr'><strong>philo!</strong></span> 
     </span>
     <span class='ocr_line' id='line_1_22' title="bbox 404 2245 1648 2306; baseline -0.001 -16"><span class='ocrx_word' id='word_1_119' title='bbox 404 2246 588 2305; x_wconf 83' lang='lat' dir='ltr'><strong>sophiae</strong></span> <span class='ocrx_word' id='word_1_120' title='bbox 617 2246 794 2291; x_wconf 88' lang='lat' dir='ltr'><strong>accidit.</strong></span> <span class='ocrx_word' id='word_1_121' title='bbox 861 2246 934 2292; x_wconf 85' lang='lat' dir='ltr'><strong>Sic</strong></span> <span class='ocrx_word' id='word_1_122' title='bbox 966 2262 1131 2306; x_wconf 89' lang='lat' dir='ltr'><strong>magna</strong></span> <span class='ocrx_word' id='word_1_123' title='bbox 1158 2245 1399 2291; x_wconf 87' lang='lat' dir='ltr'><strong>intercedit</strong></span> <span class='ocrx_word' id='word_1_124' title='bbox 1415 2247 1535 2290; x_wconf 90' lang='lat' dir='ltr'><strong>inter</strong></span> <span class='ocrx_word' id='word_1_125' title='bbox 1552 2245 1648 2290; x_wconf 89' lang='lat' dir='ltr'><strong>Pla-</strong></span> 
     </span>
     <span class='ocr_line' id='line_1_23' title="bbox 404 2324 1646 2385; baseline 0 -15"><span class='ocrx_word' id='word_1_126' title='bbox 404 2325 525 2370; x_wconf 87' lang='lat' dir='ltr'><strong>tonis</strong></span> <span class='ocrx_word' id='word_1_127' title='bbox 572 2332 618 2370; x_wconf 87' lang='lat' dir='ltr'><strong>et</strong></span> <span class='ocrx_word' id='word_1_128' title='bbox 666 2331 1028 2382; x_wconf 86' lang='lat' dir='ltr'><strong>antecessorum,</strong></span> <span class='ocrx_word' id='word_1_129' title='bbox 1072 2324 1295 2381; x_wconf 84' lang='lat' dir='ltr'><strong>Socratis,</strong></span> <span class='ocrx_word' id='word_1_130' title='bbox 1339 2324 1646 2385; x_wconf 87' lang='lat' dir='ltr'><strong>Pythagorae,</strong></span> 
     </span>
     <span class='ocr_line' id='line_1_24' title="bbox 403 2402 1648 2464; baseline 0 -17"><span class='ocrx_word' id='word_1_131' title='bbox 403 2403 598 2448; x_wconf 87' lang='lat' dir='ltr'><strong>aliorum</strong></span> <span class='ocrx_word' id='word_1_132' title='bbox 641 2403 810 2463; x_wconf 85' lang='lat' dir='ltr'><strong>placita</strong></span> <span class='ocrx_word' id='word_1_133' title='bbox 853 2403 1141 2449; x_wconf 86' lang='lat' dir='ltr'><strong>necessitudo</strong></span> <span class='ocrx_word' id='word_1_134' title='bbox 1190 2402 1246 2462; x_wconf 90' lang='lat'><strong>1).</strong></span> <span class='ocrx_word' id='word_1_135' title='bbox 1314 2403 1366 2447; x_wconf 92' lang='lat' dir='ltr'><strong>In</strong></span> <span class='ocrx_word' id='word_1_136' title='bbox 1403 2404 1648 2464; x_wconf 85' lang='lat' dir='ltr'><strong>fragmenti</strong></span> 
     </span>
    </p>
   </div>
   <div class='ocr_carea' id='block_1_7' title="bbox 410 2507 605 2515">
    <p class='ocr_par' dir='ltr' id='par_1_7' title="bbox 410 2507 605 2515">
     <span class='ocr_line' id='line_1_25' title="bbox 410 2507 605 2515; baseline 0 0"><span class='ocrx_word' id='word_1_137' title='bbox 410 2507 605 2515; x_wconf 95' lang='lat' dir='ltr'><strong> </strong></span> 
     </span>
    </p>
   </div>
   <div class='ocr_carea' id='block_1_8' title="bbox 456 2568 1645 2618">
    <p class='ocr_par' dir='ltr' id='par_1_8' title="bbox 456 2568 1645 2618">
     <span class='ocr_line' id='line_1_26' title="bbox 456 2568 1645 2618; baseline 0.003 -16"><span class='ocrx_word' id='word_1_138' title='bbox 456 2570 489 2613; x_wconf 87' lang='lat'><strong>1)</strong></span> <span class='ocrx_word' id='word_1_139' title='bbox 526 2568 577 2603; x_wconf 88' lang='lat' dir='ltr'><strong>De</strong></span> <span class='ocrx_word' id='word_1_140' title='bbox 613 2569 811 2616; x_wconf 79' lang='lat' dir='ltr'><strong>quaestione</strong></span> <span class='ocrx_word' id='word_1_141' title='bbox 846 2571 929 2618; x_wconf 86' lang='lat' dir='ltr'><strong>quid</strong></span> <span class='ocrx_word' id='word_1_142' title='bbox 967 2570 1064 2606; x_wconf 82' lang='lat' dir='ltr'><strong>Plato</strong></span> <span class='ocrx_word' id='word_1_143' title='bbox 1098 2582 1159 2606; x_wconf 85' lang='lat' dir='ltr'><strong>suo</strong></span> <span class='ocrx_word' id='word_1_144' title='bbox 1186 2570 1343 2617; x_wconf 81' lang='lat' dir='ltr'><strong>iugenio.</strong></span> <span class='ocrx_word' id='word_1_145' title='bbox 1374 2570 1457 2618; x_wconf 91' lang='lat' dir='ltr'><strong>quid</strong></span> <span class='ocrx_word' id='word_1_146' title='bbox 1485 2571 1561 2608; x_wconf 84' lang='lat' dir='ltr'><strong>aliis</strong></span> <span class='ocrx_word' id='word_1_147' title='bbox 1588 2571 1645 2606; x_wconf 85' lang='lat' dir='ltr'><strong>de-</strong></span> 
     </span>
    </p>
   </div>
  </div>
 </body>
</html>
