1938 3248
1015 376 1072 418 42

420 496 494 543 5““’
526 498 549 558 ξ
586 500 696 554 105;
731 514 821 543 non
857 498 1008 557 agitur
1041 497 1097 542 de
1131 513 1182 542 ea
1207 498 1254 542 in
1271 497 1489 542 Doctrina
1506 499 1661 557 partic.

418 578 600 636 linguae
634 574 710 622 Gr.
725 612 735 633 ,
762 592 845 621 scr.
864 576 920 621 H.
940 576 1238 635 Hoogeveen,
1257 575 1507 621 Amstelod.
1531 579 1661 621 1769.

420 658 486 710 4.,
521 655 568 699 in
604 654 759 699 Lamb.
795 655 906 709 Bos,
942 653 1100 713 Ellips.
1136 652 1212 699 Gr.
1238 670 1384 714 neque
1401 655 1449 698 in
1466 653 1662 699 Edition.

419 733 575 794 Vigeri
609 750 649 793 q.
685 749 719 778 c.
756 731 806 779 G.
843 733 1021 789 Herm,
1056 733 1147 778 sed.
1183 749 1302 779 cons.
1339 734 1436 779 Ast.
1454 733 1513 779 ad
1528 733 1662 778 Polit.

418 829 460 872 p.
495 828 554 857 m.
590 814 705 866 4433
741 811 903 857 Stallb.
941 811 1047 872 Rep.
1082 819 1113 856 t.
1149 812 1168 857 I
1201 829 1243 873 p.
1283 815 1382 858 183.

482 890 585 934 Non
629 897 741 950 puto
785 890 969 935 Astium
1011 897 1133 935 reete
1176 891 1233 936 ab
1274 907 1326 936 ea
1358 892 1663 952 explicatione

419 969 671 1026 dissentire,
700 977 959 1014 monentem
987 976 1098 1014 tunc
1126 981 1180 1026 τῷ
1210 975 1342 1026 πλήθει
1374 969 1663 1015 scribendum

419 1048 571 1093 fuisse.
616 1047 694 1093 Cfr
737 1047 929 1092 Phaedr.
980 1064 1022 1108 p.
1061 1049 1148 1093 256
1184 1047 1221 1092 E
1260 1048 1338 1092 ubi
1371 1049 1662 1108 legimus....

418 1130 693 1180 ἀνελευθερίαν
736 1134 811 1171 ὑπὸ
854 1131 1022 1180 πλήθους
1061 1131 1381 1182 ἐπαινουμένην;
1421 1125 1553 1170 polit.
1599 1126 1664 1170 V[

418 1219 461 1263 p.
503 1205 593 1248 492
635 1204 694 1248 B:
739 1216 762 1260 ἦ
802 1227 894 1251 τινα
923 1210 1048 1250 ἄλλον
1080 1212 1216 1250 κοινόν
1248 1209 1415 1259 πλήθους
1444 1209 1663 1259 ξύλλογον,

419 1281 536 1326 Add.
570 1282 703 1327 Polit.
738 1282 804 1327 IV
837 1299 878 1344 p.
915 1285 1003 1329 437
1037 1283 1097 1339 E,
1132 1281 1284 1343 Symp.
1319 1298 1360 1342 p.
1397 1284 1485 1328 216
1520 1281 1568 1326 E.

575 1676 646 1720 De
678 1675 876 1731 chstz‘tz'a,
911 1684 1068 1735 quarta
1101 1676 1250 1720 virtute
1278 1677 1505 1735 primaria.

482 1821 675 1876 Quando
720 1823 879 1867 civitas
915 1821 1108 1866 dicenda
1141 1823 1200 1866 sit
1226 1822 1373 1880 justa,
1407 1821 1664 1866 declaratur

419 1901 554 1945 polit,
600 1901 664 1945 IV
705 1917 746 1960 p.
789 1903 879 1946 434
913 1899 971 1945 C:
1001 1911 1353 1957 Χρηματιστικοῦ,
1385 1909 1662 1961 ἐπικουρικοῦ,

419 1984 641 2034 φυλακικοῦ
688 1985 829 2033 γένους
877 1985 1177 2035 οἰκειοπραγία,
1220 1987 1387 2022 ἑκάστου
1428 1987 1579 2024 τούτων
1621 1987 1663 2022 τὸ

418 2066 561 2102 ἑαυτοῦ
600 2068 844 2114 πράττοντος
883 2065 925 2102 ἐν
965 2061 1075 2101 πόλει
1106 2084 1158 2091 ——
1189 2085 1240 2091 —
1272 2085 1322 2090 -
1353 2061 1588 2113 δικαιοσύνη
1627 2063 1662 2100 τ’

417 2144 469 2181 ἂν
501 2143 582 2192 εἴη,
613 2144 680 2180 καὶ
710 2146 781 2192 τὴν
803 2141 921 2182 πόλιν
943 2142 1107 2181 δικαίαν
1130 2142 1309 2194 παρέχοι.
1352 2134 1663 2181 Consentanea

419 2222 488 2259 est
519 2214 724 2259 definitio
752 2214 959 2273 justitiae
992 2214 1177 2273 perfecti
1202 2214 1416 2269 hominis,
1439 2213 1572 2258 Polit.
1597 2214 1662 2258 IV

420 2309 459 2352 p.
508 2295 594 2337 441
642 2293 702 2337 E:
748 2298 1064 2350 Μνὴμονευτέον
1103 2302 1183 2350 ἄρα
1213 2302 1329 2349 ἡμῖν,
1358 2299 1419 2337 ὅτι
1451 2300 1518 2337 καὶ
1549 2300 1659 2349 ήμῶν

419 2379 584 2424 ἕκαστος
598 2410 608 2427 ,
639 2380 734 2416 ὅτου
752 2381 805 2417 ἂν
828 2381 876 2416 τὰ
897 2380 1017 2417 αὑτοῦ
1038 2381 1205 2418 ἑκάστου
1225 2380 1303 2416 τῶν
1322 2379 1364 2416 ἐν
1382 2378 1491 2427 αὐτῷ
1508 2381 1662 2430 πράττῃ

420 2447 533 2501 οὗτος
564 2455 716 2502 δίκαιός
746 2471 786 2495 τε
817 2457 929 2495 ἔσται
960 2458 1027 2495 καὶ
1059 2458 1107 2494 τὰ
1136 2456 1257 2494 αὑτοῦ
1287 2458 1486 2505 πράττων.
1510 2478 1561 2484 —-
1583 2449 1666 2494 Est

418 2529 762 2587 praescriptum,
781 2528 904 2588 quod
928 2530 975 2572 in
991 2528 1158 2572 Politia
1180 2526 1431 2576 identidem
1457 2529 1663 2582 recurrit,

420 2613 473 2652 ut
504 2607 711 2651 homines
746 2622 858 2662 „sua
891 2607 1067 2667 agant’',
1101 2621 1248 2665 neque
1280 2606 1439 2651 alienis
1462 2606 1596 2652 rebus
1619 2622 1666 2651 se
