1938 3248
841 362 897 401 99

254 498 292 534 P.
326 501 376 533 19.
413 497 635 545 Epigramma
662 507 758 547 Σωκρ.
790 506 869 546 Σαμ.
900 501 964 534 κτέ.
995 497 1119 543 legitur
1146 498 1181 532 in
1216 498 1378 534 Brunckii
1411 500 1498 534 Ana-

303 564 401 599 lectis
427 566 508 600 tom.
536 563 589 599 III
615 575 692 611 pag.
719 565 798 598 265.

254 631 289 667 P.
318 633 375 666 23.
404 630 614 666 Sententiam
642 642 738 667 suam
766 631 916 667 Cobetus
944 630 980 666 in
1006 631 1117 667 Novis
1134 630 1498 677 Lectionibusumgd.

306 698 380 732 Bet.
427 698 532 731 1858.
562 699 592 731 8.
621 709 654 743 p.
685 699 770 743 692)
798 698 954 733 defendit
982 697 1034 732 his
1057 697 1191 732 verbis:
1221 698 1378 740 „Neutra
1405 698 1441 732 in
1469 714 1501 738 ος

304 761 470 808 adjectiva
502 762 690 809 composita
717 763 864 799 formant
890 763 926 798 iu
952 784 995 790 —
1016 769 1054 805 ής
1079 763 1260 805 exeuntia,
1294 766 1363 805 δέος
1388 767 1497 807 ἀδεής,

303 833 391 877 γένος
430 834 564 876 ἀγενής,
607 832 692 870 κλέος
724 833 860 873 ἀκλεής,
888 834 1012 879 βλάβος
1037 833 1208 878 ἀβλαβής,
1238 830 1370 877 aliaque
1397 842 1499 877 quam

305 895 474 941 plurima:
516 898 551 931 τὸ
591 903 688 936 νεῖκος
730 895 836 942 igitur
862 907 902 931 ex
930 895 1088 942 analogia
1110 894 1302 931 certissima
1328 899 1501 944 φιλονεικής

306 973 347 996 ex
374 972 447 996 sese
479 961 684 1007 peperisset,
713 965 750 996 ut
776 966 966 1004 Πολυνείκης
991 973 1091 1009 quem
1125 962 1228 996 frater
1250 962 1287 995 in'
1301 962 1499 997 Phoenissis

305 1032 426 1066 νεικέων
466 1029 625 1076 ὖπὼνυμον
670 1027 753 1063 dicit
792 1040 874 1063 esse.
915 1027 982 1063 Sed
1022 1033 1090 1068 νίκη
1130 1031 1288 1076 φιλόνικος
1313 1028 1436 1064 format
1463 1032 1501 1063 ut

307 1093 522 1136 καλλίνικος.”

257 1161 294 1196 Ρ.
323 1162 381 1196 24.
409 1160 498 1203 „Pro
521 1160 618 1196 litera
644 1150 722 1197 Tin
744 1160 921 1195 codicibus
948 1160 1077 1206 passim
1106 1160 1231 1206 legitur
1258 1160 1496 1206 diphthongus

290 1217 354 1262 ”az
381 1225 478 1270 cujus
504 1226 553 1260 rei
583 1236 684 1260 causa
708 1236 781 1259 esse
808 1227 921 1270 potest
943 1224 1178 1271 pronuntiatio
1206 1225 1416 1260 Graecorum
1441 1216 1497 1266 ἐ’ἷ,

296 1282 346 1334 Ῑ,
376 1281 417 1332 ἶ,
435 1282 478 1327 Tc
513 1293 546 1324 et
567 1283 606 1326 Ῑ
636 1290 758 1339 eodem
798 1302 882 1326 sono
926 1291 1148 1342 efferentium.
1185 1312 1232 1317 —-
1275 1291 1342 1326 Sed
1370 1291 1413 1326 de
1438 1291 1499 1325 hac

307 1367 406 1391 causa
443 1364 533 1390 nunc
571 1367 638 1390 non
683 1356 823 1403 loquor:
869 1356 933 1390 hoc
971 1356 1065 1398 volo,
1098 1356 1133 1391 in
1160 1358 1296 1392 vetustis
1322 1355 1500 1392 codicibus

309 1421 420 1470 qualis
446 1425 496 1456 est
522 1421 605 1457 cod.
634 1422 740 1458 Palat.
769 1424 859 1466 398,
888 1423 1022 1458 Platon.
1053 1424 1140 1459 1807
1171 1428 1233 1458 etc.
1267 1427 1376 1458 certas
1402 1435 1498 1469 quas-

309 1487 387 1521 dam
428 1498 526 1521 voces
565 1498 607 1520 ex
648 1498 741 1521 more
763 1486 1004 1533 antiquissimo
1030 1486 1284 1533 diphthongum
1317 1480 1354 1523 ἷῖ
1377 1487 1502 1521 habere

255 1567 263 1577 ·
308 1552 470 1599 scriptam
501 1565 564 1599 pro
599 1551 749 1599 simplici
772 1544 812 1593 ι-
841 1553 980 1599 quaudo
1008 1554 1089 1588 haec
1117 1553 1244 1588 vocalis
1268 1552 1502 1599 producitur.'’

310 1618 359 1653 cf.
401 1619 502 1660 Bast,
543 1618 737 1653 Comment.
774 1619 943 1664 paleeogr.
973 1631 1005 1665 p.
1035 1619 1115 1654 720.
1143 1620 1205 1654 Ao.
1236 1620 1329 1653 1854
1366 1619 1504 1664 Lipsiae

311 1683 403 1719 edita
445 1687 524 1719 sunt
556 1683 823 1728 „Additamenta
850 1683 891 1718 ad
920 1683 993 1719 Cic.
1023 1683 1140 1719 Platon
1181 1684 1287 1719 libros
1314 1683 1362 1725 X,
1391 1683 1504 1719 editos

311 1762 328 1784 a
356 1750 393 1785 C.
420 1749 459 1784 E.
488 1749 567 1784 chr.
595 1748 811 1784 Scheidero.’'
849 1749 914 1784 Hic
943 1749 1082 1784 libellus
1109 1749 1279 1795 imprimis
1307 1749 1434 1784 confert
1462 1750 1505 1784 ad

311 1814 500 1862 pleniorem
527 1813 682 1851 notitiam
709 1814 794 1850 cod.
825 1816 865 1850 A.
893 1815 988 1850 Paris

263 1882 298 1918 P.
327 1883 382 1916 60.
411 1881 542 1917 Locum
573 1893 614 1916 ex
640 1880 709 1917 Cic.
733 1881 847 1927 Epist.
873 1881 916 1916 ed
945 1881 1048 1917 Attic.
1072 1881 1237 1916 indicavit
1253 1882 1338 1917 mihi
1358 1882 1395 1916 V.
1417 1882 1506 1917 Olar.

312 1950 344 1985 J.
375 1948 479 1984 Geel:
505 1948 621 1984 Lettre
639 1947 660 1983 ἓ.
677 1948 726 1984 Μ.
753 1948 848 1983 Hase
864 1977 872 1988 ,
904 1960 981 1994 pag.
1012 1950 1068 1984 26.

264 2016 299 2052 Ρ.
328 2018 385 2051 65.
412 2014 464 2050 De
491 2014 704 2062 compendiis
741 2014 985 2050 vocabulorum
1012 2013 1195 2060 permultis
1222 2012 1304 2051 locis
1331 2014 1446 2059 agitur
1474 2014 1508 2048 iu

314 2081 465 2116 editione
506 2080 665 2126 Gregorii
701 2092 804 2127 quam
834 2080 966 2115 curavit
993 2079 1182 2121 Schaefer.,
1209 2084 1327 2114 tomm.
1354 2078 1398 2114 ΙΙ.
1426 2078 1506 2113 Vid.

313 2147 423 2183 Index
448 2147 600 2183 Graecus
630 2146 759 2194 passim
792 2151 825 2181 et
848 2146 958 2181 Index
985 2146 1129 2181 Latinus
1156 2157 1181 2181 s.
1202 2157 1228 2179 v.
1248 2144 1508 2191 ,‚00mpendia.”

266 2215 301 2250 P.
343 2214 387 2250 67
439 2213 608 2260 Exempla
648 2213 728 2248 talis
773 2211 1050 2259 paronomasiae,
1088 2211 1116 2246 si
1160 2210 1246 2246 tanti
1273 2214 1382 2253 esset,
1406 2209 1508 2245 facile

314 2281 431 2327 augeri
469 2285 609 2327 possent
645 2285 719 2315 tum
760 2292 778 2314 e
812 2279 956 2314 Platone
991 2282 1064 2313 tum
1102 2289 1142 2312 ex
1175 2277 1250 2312 aliis
1273 2276 1508 2323 scriptoribus.

315 2347 403 2382 Cum
448 2357 512 2381 usu
543 2346 635 2380 vocis
661 2348 783 2387 σκύλαξ
809 2347 928 2380 nostro
959 2344 1034 2378 loco
1062 2343 1279 2378 conserantur
1304 2342 1507 2377 Latinorum

316 2412 465 2453 catum,
494 2411 632 2453 vitulus,
654 2414 818 2455 juvenca,
844 2411 960 2455 pullus
986 2420 1050 2455 pro
1082 2420 1184 2451 cane,
1210 2408 1318 2450 bove,
1344 2419 1445 2455 equo.

268 2479 348 2525 Peg.
376 2478 419 2515 67
450 2481 539 2513 nota.
565 2476 678 2513 Procli
704 2475 971 2512 commentarius
996 2475 1032 2510 in
1059 2474 1194 2510 Platon.
1222 2474 1279 2510 lib.
1303 2474 1334 2509 X
1359 2474 1402 2509 de
1422 2475 1507 2521 Rep.

318 2544 432 2580 editus
458 2547 508 2579 est
536 2543 572 2579 in
600 2543 760 2590 Spicileg.
786 2543 959 2583 Romano,
987 2542 1085 2577 Tom.
1112 2540 1210 2576 VllI.

270 2613 306 2647 P.
346 2613 389 2647 68
432 2614 522 2647 uota.
561 2610 601 2646 In
645 2609 763 2645 Indice
797 2609 919 2645 Latino
945 2608 1005 2657 qui
1032 2607 1185 2655 adjectus
1216 2610 1267 2643 est
1293 2610 1386 2643 tomo
1413 2608 1512 2644 alteri
