1938 3248
823 357 879 400 81

229 483 276 525 in
324 480 504 540 pictura
557 477 728 537 (γραφά)
773 477 942 522 dicitur
975 478 1022 522 in
1056 479 1214 537 fragm.
1281 478 1473 538 Theagis

217 560 275 602 in
335 555 465 602 Galei
513 555 679 615 Opusc.
724 570 766 615 p.
814 556 926 611 695;
968 555 1023 600 de
1067 556 1188 600 linea
1234 558 1473 616 geometri-

230 653 302 692 ca,
366 635 601 678 notissimo
665 634 765 676 loco
826 632 1034 676 Menonis
1052 668 1062 688 ,
1136 634 1213 677 ubi
1269 634 1473 678 Socrates

230 714 383 769 docet,
447 710 675 770 quomodo
734 712 942 756 notiones
977 713 1291 770 ‘geometricae
1337 713 1475 756 homi-

229 806 342 835 num
387 790 524 834 etiam
569 789 1013 848 imperitissimorum
1046 790 1209 833 animis
1243 790 1344 834 elici
1377 805 1474 849 pos-

231 869 333 912 sint.
401 866 482 912 Cff.
534 867 672 911 etiam
729 865 860 910 Polit.
907 866 973 910 VI
1016 883 1057 926 p.
1112 868 1198 922 599
1256 867 1320 922 D,
1371 868 1474 911 Pro-

231 953 319 1007 tag.
366 946 453 990 326
495 945 558 1000 D,
609 944 788 989 Theaet.
845 947 927 990 181
975 945 1035 1000 A,
1071 953 1116 990 et
1143 946 1265 1005 apud
1299 946 1474 990 Plutar-

232 1025 367 1068 chum
399 1023 692 1082 proverbium
724 1033 774 1079 μὴ
806 1030 906 1068 κίνει
938 1034 1120 1080 γραμμήν
1158 1025 1184 1068 i.
1221 1040 1255 1068 e.
1291 1039 1347 1067 ne
1380 1039 1474 1068 mu-

230 1110 297 1147 tes
337 1117 490 1146 rerum
523 1101 635 1144 fines
667 1102 979 1160 praescriptos.
1014 1101 1057 1159 1)
1098 1102 1315 1161 Sequitur
1343 1124 1472 1160 γραμ-

229 1191 302 1236 μάς
346 1186 499 1223 nostro
544 1179 644 1222 loco
682 1194 708 1222 a
743 1179 930 1224 Platone
964 1180 1099 1224 scribi
1132 1196 1223 1226 non
1256 1181 1468 1240 potuisse.

232 1258 388 1317 Nuper
442 1256 526 1300 Vir
579 1256 706 1301 Doct.
758 1257 799 1302 S.
844 1258 897 1302 A.
953 1258 1106 1303 Naber
1153 1260 1200 1303 in
1250 1274 1472 1303 commen-

234 1336 406 1380 tatione
450 1351 586 1395 supra
619 1335 806 1379 laudata
834 1351 934 1395 pag.
974 1338 1026 1380 19
1062 1337 1298 1397 proposuit
1325 1352 1472 1381 emen-

235 1416 464 1459 dationem
523 1420 797 1472 βλιτομάμμας
816 1454 827 1469 ,
889 1415 1012 1473 quod
1066 1417 1290 1474 significat
1351 1416 1470 1474 apud

234 1493 463 1552 Aristoph.
531 1491 697 1537 Nubib.
762 1494 875 1537 1001
927 1493 972 1551 2)
1029 1509 1155 1550 eum,
1206 1494 1285 1553 qui
1334 1494 1474 1538 infan-

233 1574 292 1616 tis
345 1565 488 1616 instar
546 1573 743 1630 simplex
797 1579 842 1615 et
890 1572 1082 1616 stolidus
1133 1579 1212 1616 est.
1279 1571 1476 1615 Videtur

236 1650 611 1711 palaeographica
650 1651 824 1695 ratione
842 1686 853 1706 ,
882 1650 967 1695 hoc
995 1651 1094 1696 loco
1127 1651 1352 1705 Platonis,
1371 1667 1480 1696 usus

235 1729 456 1774 rarissimi
514 1729 723 1772 vocabuli
783 1728 964 1773 defendi
1019 1745 1110 1773 non
1169 1744 1313 1788 posse.
1395 1727 1480 1771 Me—

236 1809 323 1852 lius
358 1805 513 1852 Stallb.
561 1807 751 1864 conjecit
795 1817 980 1864 γραφάς,-
1022 1808 1185 1852 vellem
1215 1808 1480 1860 excitasset,

235 1893 480 1944 praeeunte
512 1886 666 1939 Astio,
701 1886 854 1928 locum
887 1886 965 1943 qui
998 1886 1165 1943 legitur
1198 1886 1244 1928 in
1272 1883 1480 1928 Phaedro

237 1979 279 2023 p.
327 1965 414 2008 275
460 1963 512 2007 D.
560 1973 704 2010 Δεινὸν
750 1974 823 2021 γάρ
872 1986 949 2009 που
982 1993 1033 2000 --
1064 1970 1169 2009 τοῦτ’
1207 1971 1284 2023 ἔχει
1317 1972 1477 2020 γραφή,

239 2050 305 2087 καὶ
336 2050 388 2093 ὠς
422 2048 571 2098 άληθῶς
601 2050 737 2097 ὅμοιον
775 2049 996 2099 ζωγραφίᾳ.
1054 2052 1120 2086 καὶ
1151 2051 1225 2099 γὰρ
1253 2051 1300 2085 τὰ
1328 2047 1480 2095 ἐκείνης

239 2127 385 2176 ἔκγονα
415 2126 552 2177 ἕστηκε
580 2127 647 2177 μὲν
682 2127 733 2172 ὠ,-
765 2127 922 2175 ζῶντα,
956 2129 1024 2167 ἐὰν
1056 2126 1096 2165 δὲ
1122 2126 1243 2178 ἀνέρῃ
1276 2141 1311 2164 τι
1336 2129 1480 2176 σεμνῶς

239 2211 347 2246 πάνυ
375 2213 481 2258 σιγᾷ.

291 2408 326 2451 l)
353 2406 432 2441 Alia
459 2405 618 2451 exempla
643 2403 839 2439 indicantur
867 2403 902 2437 in
929 2402 1048 2437 Indice
1075 2400 1280 2435 Graecitatis
1294 2399 1384 2434 Plut.
1401 2399 1481 2434 vid.

241 2471 410 2519 Wyttenb.
440 2471 544 2518 Oper.
572 2469 688 2505 moral.
718 2469 797 2504 edit.
815 2496 823 2510 ‚
851 2473 874 2504 t.
901 2468 987 2503 VIII
1013 2479 1036 2513 p
1077 2468 1159 2502 363.
1490 2465 1492 2467 ’

291 2540 326 2584 2)
365 2538 467 2573 Teste
503 2536 642 2572 Nabero
682 2536 728 2571 1.1.
769 2535 836 2581 egit
876 2535 920 2570 de
958 2534 1018 2569 ino
1060 2532 1226 2568 vocabulo
1271 2530 1485 2576 Phrynichus

241 2605 383 2653 (Aneed.
413 2604 522 2641 Graec
562 2603 623 2639 Ed.
652 2603 750 2638 Imm.
785 2601 915 2638 Bekker
943 2602 1000 2636 31.
1029 2599 1063 2647 3)
