1938 3248
903 409 959 453 39

313 530 429 575 foret
462 539 569 588 παρὰ
599 539 728 587 φύσιν.
768 528 928 576 Omnis
944 530 1039 575 fere
1057 545 1303 575 consensus
1322 538 1368 575 et
1385 530 1552 575 dissen-

314 625 389 652 sus
405 608 527 668 apud
539 606 730 654 Graecos
747 609 979 654 vocabulis
991 608 1218 668 designari
1231 610 1346 654 solet
1358 625 1384 654 a
1397 625 1446 654 re
1458 625 1553 653 mu·

313 688 403 731 sica
424 688 597 746 petitis:
627 687 762 748 Legg.
797 688 840 732 V
866 703 908 747 p.
931 689 1017 732 746
1036 687 1096 743 E,
1116 687 1343 732 Phaedon.
1361 703 1404 747 p.
1426 689 1482 732 92
1502 687 1550 744 C,

314 765 494 825 Protag.
529 767 617 810 333
653 766 716 822 A,
750 764 886 825 Gorg.
921 766 1009 810 461
1044 765 1087 809 A
1119 766 1175 810 al.
1201 764 1303 809 Vid.
1324 763 1371 810 C.
1389 765 1443 811 A.
1462 766 1551 811 den

312 843 427 888 Tex:
447 843 563 889 Diss.
581 843 637 889 de
653 845 699 890 vi
715 844 907 889 musices
925 859 949 888 e
967 845 1189 889 sententia
1203 843 1419 902 Platonis,
1431 844 1549 905 Traj.

311 921 369 966 ad
401 922 541 967 Rhen.
580 925 720 978 1816,
753 939 795 983 p.
834 923 919 966 153
953 938 1017 982 sq.
1082 922 1200 967 Tum
1233 925 1279 967 in
1312 922 1551 985 Symposio

311 1008 411 1045 tum
443 1001 550 1047 alibi
583 1002 630 1046 in
663 1002 756 1047 suis
789 1002 966 1062 scriptis
1000 1001 1152 1058 Plato,
1177 1002 1312 1048 homo
1335 1001 1548 1061 Graecus,

312 1080 646 1126 commendavit
686 1081 931 1138 amicitiae,
976 1080 1241 1127 concordiae
1286 1082 1380 1128 vim
1412 1089 1550 1143 atque

311 1165 604 1203 momentum.
643 1157 729 1203 Cfr.
765 1175 788 1203 e
823 1159 988 1204 Politia
1020 1159 1063 1203 V
1095 1177 1136 1219 p.
1173 1162 1261 1205 462
1297 1160 1370 1204 B.:
1409 1167 1548 1218 ἔχομεν

312 1238 381 1281 οὖν
409 1258 445 1280 τι
474 1243 608 1293 μεῖζον
640 1246 762 1283 κακὸν
789 1243 899 1282 πόλει
920 1247 945 1294 ἤ
965 1246 1092 1283 ἐκεῖνο
1106 1274 1117 1291 ,
1136 1246 1156 1283 ὃ
1176 1247 1229 1284 ἂν
1251 1244 1377 1294 αὐτὴν
1399 1243 1550 1295 διασπᾷ

312 1325 378 1362 καὶ
409 1328 504 1374 ποιῇ
533 1322 681 1369 πολλὰς
710 1324 802 1363 ἀντὶ
830 1326 946 1372 μιᾶς,·
978 1327 1001 1373 ἤ
1028 1322 1162 1373 μεῖζον
1194 1323 1340 1371 ἀγαθὸν
1369 1325 1436 1361 τοῦ
1456 1323 1476 1360 ὃ
1495 1324 1549 1362 ἂν

311 1401 437 1453 ξυνδῇ
466 1417 505 1440 τε
536 1403 602 1441 καὶ
632 1406 726 1453 ποιῇ
752 1402 874 1451 aian:
919 1394 1008 1439 VII
1050 1411 1092 1455 p.
1136 1395 1223 1440 536
1259 1395 1324 1439 Εἰ
1361 1406 1475 1454 ψυχῇ
1505 1401 1547 1441 δὲ

311 1481 446 1532 βίαιον
485 1478 600 1518 οὐδὲν
632 1478 803 1529 ἔμμονον
831 1481 1015 1529 μάθημα;
1046 1472 1158 1517 VIII
1184 1489 1225 1533 p.
1260 1474 1346 1519 548
1376 1473 1451 1518 B.:
1484 1482 1551 1518 καὶ

313 1558 430 1610 λάθρᾳ
468 1561 537 1604 τὰς
570 1558 718 1608 ἡδονὰς
749 1561 1038 1609 καρπούμενοι,
1070 1558 1197 1609 ὥσπερ
1228 1558 1368 1603 παῖδες
1398 1560 1552 1610 πατέρα

313 1639 380 1677 τὸν
411 1639 532 1687 νόμον
562 1635 924 1688 ἀποδιδράσκοντες
934 1666 945 1683 ,
976 1636 1047 1688 οὐχ
1075 1637 1152 1675 ὑπὸ
1181 1640 1332 1682 πειθοῦς
1362 1634 1452 1675 ἀλλ’
1477 1637 1553 1676 ὑπὸ

311 1716 403 1767 βίας
440 1713 775 1764 πεπαιδευμένου
818 1707 950 1752 Polit.
994 1707 1039 1752 V
1070 1724 1112 1767 p.
1148 1709 1239 1752 470
1272 1708 1332 1764 Ε,
1364 1710 1453 1753 462
1488 1708 1554 1763 D,

311 1787 377 1832 III
401 1804 443 1847 p.
469 1789 572 1843 403,
591 1789 681 1832 404
710 1786 765 1845 1).
799 1786 959 1831 Plures
974 1786 1022 1831 id
1039 1793 1267 1832 testantur
1283 1787 1371 1831 loci
1387 1803 1411 1831 e
1427 1786 1556 1832 libris

310 1866 367 1910 de
394 1865 601 1926 Legibus.
646 1864 825 1910 Notabo
854 1871 1035 1910 tantum
1062 1865 1249 1925 paginas
1279 1866 1366 1910 679
1397 1864 1450 1910 D.
1479 1865 1554 1922 E.,

313 1946 401 1989 694
434 1944 495 2000 Β,
532 1945 618 1988 695
654 1943 720 1999 D,
756 1945 843 1988 663
879 1944 939 1999 B,
978 1946 1063 1989 762
1099 1942 1163 2000 A,
1190 1945 1276 1988 736
1302 1942 1359 1999 C,
1385 1945 1475 1988 890
1499 1942 1554 2000 G,

313 2025 400 2068 697
425 2021 483 2078 C,
509 2023 596 2067 698
623 2021 682 2079 G,
710 2024 797 2067 700
819 2022 886 2078 A,
913 2024 999 2067 701
1024 2022 1090 2079 D,
1118 2024 1203 2067 708
1228 2020 1286 2078 C,
1315 2024 1401 2066 729
1422 2021 1469 2068 C.
1489 2022 1553 2079 D,

313 2103 400 2146 628
434 2101 488 2145 Α.
523 2100 571 2145 Β.
607 2099 664 2156 C,
701 2102 787 2146 689
812 2099 866 2144 D.
911 2100 1044 2146 Ratio
1065 2101 1222 2161 legum
1244 2100 1551 2158 ferendarum,

310 2180 498 2225 Platone
519 2180 687 2240 judice,
716 2181 780 2225 ita
808 2186 1067 2240 comparata
1091 2195 1188 2225 esse
1213 2179 1360 2236 debet,
1384 2186 1437 2225 ut
1459 2196 1555 2225 sua-

311 2259 418 2304 dere
447 2266 492 2304 et
515 2274 697 2304 monere
713 2260 855 2319 magis
872 2275 1010 2318 quam
1020 2258 1183 2318 jubere
1200 2264 1246 2303 et
1262 2265 1417 2304 vetare
1435 2258 1554 2304 vide-

312 2344 448 2382 antur
466 2337 526 2394 2),
546 2344 597 2381 ut
615 2337 734 2382 cives
756 2352 848 2381 non
871 2344 1059 2382 externa
1079 2336 1126 2380 vi
1144 2336 1299 2390 coacti,
1318 2335 1395 2380 sed
1414 2336 1555 2380 animi

368 2526 398 2570 l)
434 2525 558 2571 Protag
592 2537 626 2572 p.
664 2527 732 2560 326
770 2525 797 2560 B
831 2531 893 2566 πᾶς
918 2528 934 2561 ὀ
959 2529 1031 2573 βίος
1056 2531 1111 2561 τοῦ
1139 2529 1304 2572 ἀνθρώπου
1330 2529 1496 2573 εὐρυθμίας
1522 2541 1553 2561 τε

298 2594 365 2639 Υκαὶ
391 2595 601 2639 εὐαρμοστίας
626 2592 740 2627 δεῖται.

362 2657 398 2701 2)
423 2660 614 2699 νουθέτησις.
643 2655 811 2692 Homines
836 2655 1057 2703 persuasione
1083 2657 1128 2699 et,
1155 2655 1185 2691 si
1212 2666 1298 2704 opus
1326 2658 1387 2699 est,
1401 2655 1554 2703 jubendo
