1938 3248
873 362 928 406 21

279 498 335 528 en
376 484 559 544 general
591 484 634 529 le
666 491 769 530 sont
801 500 903 530 sans
935 483 1114 529 reserve
1147 483 1460 544 transportees
1493 481 1521 526 ἐι

280 557 570 624 l'hum'anite„

341 640 439 701 Age
456 648 607 702 partes
624 641 763 686 animi
781 641 827 685 in
844 640 1028 686 civitate
1044 639 1327 700 indagemus.
1362 639 1521 685 Trium

279 720 419 764 animi
458 720 643 765 humani
671 720 869 780 partium
896 720 1013 764 aliae
1045 719 1146 764 aliis
1178 719 1227 764 in
1260 718 1521 764 hominibus

281 798 575 857 propendent.
599 797 710 843 Inde
726 798 814 843 tria
829 797 1057 858 prodeunt
1073 797 1311 842 hominum
1328 812 1520 857 genera:

281 875 537 935 philosophi
579 877 625 920 in
667 876 832 934 quibus
875 885 919 921 τὸ
948 881 1196 930 λογιστικόν,
1231 875 1440 920 iracundi
1473 876 1520 919 in

281 953 446 1013 quibus
469 963 511 1000 τὸ
531 965 691 1012 θυμικόν
702 992 713 1009 ,
731 954 927 1014 denique
944 954 1148 1001 homines
1166 954 1283 999 lucri
1301 961 1519 1010 amantes,

280 1039 327 1076 et
375 1047 532 1077 earum
578 1047 730 1077 rerum
783 1048 898 1093 quae
946 1032 1107 1093 opibus
1155 1033 1418 1093 pariuntur,
1473 1034 1520 1077 in

281 1111 445 1169 quibus
463 1121 506 1156 τὸ
527 1120 803 1168 ἐπιθυμητικόν
821 1119 981 1171 regnat
1000 1111 1154 1171 (polit.
1179 1111 1244 1155 IX
1266 1128 1308 1170 p.
1334 1113 1424 1156 580
1447 1110 1519 1168 D).

283 1187 404 1233 Haec
436 1189 524 1234 tria
550 1189 786 1234 hominum
812 1204 977 1250 genera
1003 1189 1050 1234 in
1078 1189 1310 1234 civitatem
1339 1203 1520 1249 congre-

280 1274 386 1326 gata
418 1274 511 1312 tres
544 1269 830 1312 constituunt
863 1269 1032 1312 civium
1065 1268 1258 1312 ordines.
1325 1267 1520 1312 Ordines

282 1345 349 1389 illi
393 1353 527 1390 sunt:
572 1346 683 1390 ordo
726 1346 1124 1405 philosophorum,
1163 1346 1243 1403 qui
1280 1346 1521 1405 respondet

283 1434 336 1480 τῷ
376 1428 609 1480 λογιστικῷ,
652 1423 763 1468 ordo
801 1424 1036 1480 militaris,
1069 1424 1149 1483 qui
1181 1423 1423 1485 respondet
1467 1437 1520 1482 τῷ

231 1542 241 1549 ,
281 1512 452 1557 θυμικῷ,
493 1501 688 1560 denique
731 1502 843 1546 ordo
886 1503 1125 1561 opificum,
1171 1503 1249 1560 qui
1282 1502 1524 1561 respondet

282 1590 336 1636 τῷ
367 1587 643 1638 ἐπιθυμητικῷ.
678 1579 923 1626 Servorum
945 1580 1118 1626 mentio
1143 1596 1170 1624 a
1194 1579 1384 1625 Platone
1401 1581 1524 1626 hunc

283 1658 435 1704 locum
462 1666 686 1706 tractante
713 1676 805 1706 non
831 1661 908 1718 fit,
943 1675 1091 1720 neque
1123 1659 1244 1705 enim
1272 1659 1343 1705 illi
1370 1660 1525 1706 statim

282 1737 329 1781 in
362 1738 545 1783 civitate
572 1738 759 1795 adsunt,
787 1738 866 1784 sed
893 1755 918 1784 c
946 1738 1149 1784 barbaris
1177 1738 1390 1798 gentibus
1417 1746 1527 1784 sunt

281 1816 550 1861 arcessendi.
615 1817 748 1861 Polit.
778 1817 833 1872 V,
868 1833 910 1876 p.
946 1818 1035 1862 469
1067 1815 1102 1861 G
1125 1817 1210 1860 hoc
1229 1825 1524 1876 praeceptum

283 1892 476 1952 legimus
517 1900 616 1951 μηδὲ
663 1900 850 1952 εἘλληνοι
896 1905 976 1952 ἄρα
1021 1900 1164 1941 δοῦλον
1208 1904 1386 1950 ἐκτῆσθαι
1429 1906 1523 1951 μήτε

283 1976 449 2024 αὐτούς,
488 1982 570 2023 τοῖς
606 1993 645 2016 τε
679 1977 819 2025 ἄλλοις
852 1978 1050 2030 εἝλλησιν
1087 1980 1189 2018 οὕτω
1218 1977 1523 2030 συμβουλεύεικ

283 2076 335 2083 --
365 2077 416 2083 -
447 2077 498 2083 —
534 2054 685 2105 μᾶλλόν
729 2056 767 2105 γ’
804 2059 858 2096 ἂν
895 2058 998 2096 οὕτω
1035 2059 1130 2107 πρὸς
1169 2057 1258 2101 τούς
1297 2057 1522 2108 βαρβάρους

283 2132 514 2183 τρέποιντο,
544 2135 700 2173 ἑαυτῶν
730 2133 767 2173 δ’
797 2134 1032 2187 ἀπέχοιντο.

344 2204 397 2250 In
421 2205 588 2250 Politia
615 2213 708 2251 tres
741 2207 910 2252 civium
944 2206 1126 2251 ordines
1149 2220 1329 2264 semper
1356 2205 1522 2250 diversi

283 2290 329 2327 et
360 2283 555 2342 separati
587 2299 614 2327 a
646 2299 693 2328 se
727 2285 920 2329 invicem
948 2289 1276 2344 proponuntur.
1310 2282 1416 2327 Alia
1442 2284 1521 2328 rei-

282 2361 488 2419 publicae
515 2361 631 2405 ratio
659 2369 727 2406 est
754 2362 801 2405 in
829 2367 1010 2417 Νόμοις;
1038 2362 1085 2405 in
1112 2376 1202 2419 qua
1235 2361 1367 2415 civeS‚
1385 2369 1523 2420 prout

283 2438 548 2498 requiritur,
593 2445 688 2483 tam
733 2438 942 2484 civilibus
974 2453 1112 2497 quam
1143 2438 1420 2483 milit-aribus
1451 2455 1522 2497 ge-

283 2515 434 2560 rendis
462 2514 597 2559 rebus
624 2515 804 2559 adsunt.

344 2593 479 2639 Nexu
505 2593 646 2639 animi
672 2593 860 2639 humani
883 2600 928 2638 ct
950 2593 1148 2639 civitatis
1170 2594 1370 2640 breviter
1392 2610 1523 2655 expo-
