1938 3248
839 339 895 381 77

307 458 606 518 Comparetur
638 475 743 503 cum
776 459 965 503 Platone
982 460 1243 504 Aristotelis
1261 461 1388 505 locus
1410 462 1489 519 qui

245 536 416 596 legitur
448 537 571 597 apud
598 535 886 593 Ciceronem,
921 537 977 582 de
1009 545 1102 583 nat.
1139 538 1249 583 deor
1281 539 1323 584 II
1343 576 1353 596 ‚
1384 541 1440 584 37
1466 537 1489 598 ξ

247 617 324 659 95:
356 615 433 671 „Si
450 623 600 660 essent
616 617 695 676 qui
713 617 798 660 sub
811 624 932 661 terra
950 633 1130 676 semper
1146 618 1486 674 habitavissent,

244 695 375 738 bonis
418 701 463 738 et
505 694 760 739 illustribus
795 694 1059 753 domiciliis,
1089 712 1206 756 quae
1240 704 1390 741 essent
1423 713 1489 740 or-

246 778 353 816 nata
391 772 530 831 signis
579 779 715 831 atque
763 773 978 832 picturiS‚
1013 774 1324 834 instructaque
1357 773 1490 819 rebus

246 852 300 895 iis
339 852 550 895 omnibus
593 852 758 909 quibus
786 853 1023 897 abundant
1055 854 1110 909 ii,
1145 855 1225 912 qui
1258 854 1379 898 beati
1413 869 1491 913 pu-

246 935 425 986 tantur,
470 945 552 974 nec
585 937 738 975 tamen
772 931 970 976 exissent
1004 947 1208 992 unquam
1237 947 1373 993 supra
1404 938 1490 976 ter-

246 1010 365 1052 ram⁷'
410 1016 519 1063 cet.;
564 1018 609 1053 et
655 1010 894 1070 Porphyrii
928 1011 1065 1054 verba
1098 1010 1173 1067 (de
1207 1018 1337 1055 antro
1366 1026 1492 1070 nym-

247 1087 462 1147 pharum,
507 1104 602 1148 cap.
650 1092 674 1133 8
721 1089 776 1133 ed
819 1089 871 1135 R.
917 1089 974 1133 M.
1022 1106 1061 1134 v.
1099 1088 1292 1147 Goens):
1327 1095 1396 1146 ἀφ’
1432 1087 1487 1134 ὧν

248 1169 355 1221 οἶμαι
398 1174 614 1224 ὁρμώμενοι
660 1176 725 1211 καὶ
776 1175 813 1211 οἱ
840 1173 1130 1226 Πυθαγόρειοι,
1167 1177 1233 1213 καὶ
1264 1176 1362 1224 μετὰ
1399 1175 1489 1212 τοιῖ-

249 1265 340 1295 τους
397 1249 570 1289 Πλάτων
628 1254 776 1302 ἄντρον
837 1256 903 1290 καὶ
963 1251 1157 1301 σπήλαιον
1220 1255 1284 1291 τὸν
1343 1251 1486 1300 κόσμον

252 1329 522 1378 ἀπεφήναντο.

313 1401 441 1445 polit.
489 1401 574 1445 VII
613 1418 654 1461 p.
702 1404 788 1446 527
835 1402 888 1446 D.
956 1411 1007 1447 Τί
1052 1408 1148 1452 δαί;
1199 1409 1332 1459 τρίτον
1367 1411 1488 1458 θῶμεν

248 1485 540 1535 ἄστρονομίανῖ
580 1491 603 1535 ἦ
635 1487 679 1524 οι)
716 1487 850 1529 fimat,-
883 1489 965 1536 ἐμοὶ
997 1493 1106 1534 γοῦν,
1133 1488 1219 1537 ἔφη·
1253 1489 1294 1524 τὸ
1311 1489 1384 1536 γὰρ
1402 1489 1487 1535 περὶ

250 1564 352 1613 ὥρας
399 1564 722 1615 εὐαισθητοτέρως
763 1566 868 1618 ἔχων
901 1567 967 1604 καὶ
997 1567 1134 1615 μηνῶν
1167 1567 1232 1603 καὶ
1265 1565 1488 1611 ἐνιαυτῶν,

250 1643 294 1680 οὐ
336 1647 459 1693 μόνον
508 1644 676 1693 γεωργίᾳ
725 1646 812 1682 οὔτε
855 1643 1044 1693 ναυτιλίᾳ
1076 1648 1257 1695 προςήκει
1289 1641 1392 1681 ἀλλὰ
1424 1644 1491 1680 καὶ

251 1723 470 1773 στρατηγίᾳ
502 1723 573 1775 οὐχ
602 1717 737 1773 ἧττον.
1324 1772 1327 1777 ι

313 1794 365 1839 In
420 1803 649 1854 postrema
702 1796 839 1840 verba
886 1796 1200 1840 commentarii
1239 1795 1383 1838 inst-ar
1427 1800 1495 1837 est

250 1875 449 1918 narratio
504 1890 619 1933 quae
669 1875 837 1935 legitur
888 1874 1011 1934 apud
1061 1874 1271 1918 Livium:
1324 1872 1492 1918 Histor.

251 1952 398 1997 XLIV
432 1967 526 2011 cap.
564 1955 635 1996 37.
675 1940 843 2012 Agitur
875 1954 937 1997 ibi
972 1952 1028 1996 de
1062 1953 1117 1995 iis
1150 1966 1265 2008 quae
1298 1966 1494 2009 praeces-

253 2038 408 2075 serunt
430 2046 632 2090 pugnam
656 2030 967 2091 Pydnensem:
1004 2028 1204 2086 „Castris
1221 2028 1494 2088 permunitis

254 2107 299 2154 C.
335 2109 562 2169 Sulpicius
596 2108 755 2155 Gallus
787 2110 1002 2153 tribunus
1035 2108 1234 2151 militum
1268 2106 1493 2151 secundae

252 2190 443 2250 legionis
472 2190 549 2248 qui
587 2196 766 2249 praetor
794 2188 1025 2248 superiore
1049 2202 1169 2231 anno
1201 2186 1373 2241 fuerat,
1393 2200 1494 2229 con-

253 2269 364 2313 sulis
406 2268 628 2327 permissu
671 2266 728 2310 ad
763 2266 1022 2310 concionem
1055 2263 1278 2308 militibus
1311 2263 1495 2307 advoca-

254 2348 312 2391 tis
341 2343 659 2405 pronunciavit
690 2349 823 2386 nocte
857 2342 1090 2401 proxima,
1125 2355 1182 2384 ne
1211 2340 1313 2401 quis
1346 2340 1392 2384 id
1410 2356 1493 2399 pro

253 2431 464 2485 portento
505 2423 750 2481 acciperet,
795 2421 850 2465 ab
894 2421 1007 2464 hora
1034 2419 1233 2464 secunda
1260 2435 1404 2477 usque
1438 2418 1495 2461 ad

255 2510 464 2563 quartam
506 2502 663 2547 horam
701 2500 845 2546 noctis
885 2500 1042 2544 lunam
1074 2497 1355 2543 defecturam
1388 2512 1495 2542 esse.

255 2582 306 2627 Id
351 2582 458 2641 quia
496 2581 694 2625 naturali
719 2578 891 2624 «ordine
937 2578 1065 2622 statis
1103 2575 1386 2637 temporibus
1418 2575 1499 2620 fiat
