1938 3248
1029 382 1086 426 38

1007 577 1104 636 §5

660 731 725 775 De
764 731 1060 790 Temperantia
1095 740 1355 790 (σωφροσύνη)
1395 733 1451 791 l).

497 897 745 945 Σωφροσύνη
806 888 1003 932 civitatis
1046 888 1311 933 brevissime
1356 890 1419 934 sic
1462 889 1679 935 definitur

438 967 571 1012 polit.
607 965 680 1010 IV*
705 982 746 1026 p.
782 967 871 1011 433
907 964 964 1011 G:
999 972 1189 1023 ὁμοδοξία
1219 975 1298 1014 τῶν
1323 975 1527 1028 ἀρχόντων
1550 992 1589 1015 τε
1611 979 1676 1016 καὶ

436 1052 687 1104 ἀρχομένων,
736 1051 780 1088 et
824 1044 929 1088 ibid.
974 1060 1017 1104 p.
1063 1047 1152 1088 442
1194 1045 1247 1088 D.
1284 1046 1442 1091 eadem
1475 1047 1679 1092 definitio

437 1124 635 1169 occurrit
667 1123 890 1168 translata
916 1122 974 1166 ad
1006 1122 1203 1167 hominis
1233 1125 1460 1169 animum:
1495 1134 1680 1183 σώφρονα

438 1210 482 1248 οὐ
508 1214 556 1260 τῇ
580 1207 695 1260 φιλίᾳ
725 1210 792 1247 καὶ
823 1208 1032 1258 ξυμφωνίᾳ
1064 1212 1112 1258 τῇ
1141 1207 1274 1247 αὐτῶν
1306 1211 1474 1254 τούτων,
1507 1211 1606 1249 ὅταν
1638 1214 1680 1249 τό

437 1304 477 1327 τε
520 1291 645 1341 ἄρχον
687 1290 753 1326 καὶ
794 1287 848 1325 τὼ
887 1287 1093 1339 (ἐρχομένω
1132 1289 1174 1325 τὸ
1206 1285 1433 1336 λογιστικόν
1463 1288 1680 1338 ὁμοδοξῶσι

439 1366 522 1406 δεῖν
564 1370 702 1419 ἄρχειν
749 1368 814 1404 καὶ
857 1369 908 1415 μὴ
953 1364 1215 1411 στασιάζωσιν
1260 1365 1393 1415 abab:
1435 1369 1682 1418 Σωφροσύνη

439 1449 557 1494 γοῦν,
589 1443 610 1494 ἧ
641 1443 677 1482 δ’
706 1446 770 1491 ὃς,
801 1445 872 1483 οὐκ
900 1443 1001 1483 ἄλλο
1032 1445 1069 1482 τί
1102 1446 1208 1483 ἐστιν
1238 1449 1263 1495 ἤ
1292 1447 1428 1491 τοῦτο,
1462 1443 1609 1491 πόλεως
1640 1461 1679 1484 τε

439 1525 506 1563 καὶ
539 1523 714 1563 ἰδιώτου.

501 1595 682 1639 Dicitur
718 1595 854 1638 tertia
897 1595 1044 1638 virtus
1082 1595 1296 1654 primaria
1334 1610 1449 1654 quae
1482 1597 1684 1656 perfecta

438 1674 740 1733 temperantia
772 1679 862 1727 est,
909 1678 1045 1729 φιλία,
1089 1681 1277 1728 ὁμόνοια,
1321 1681 1530 1731 ξυμφωνία
1565 1675 1683 1718 intel·

438 1753 716 1811 imperantes
733 1758 779 1796 et
796 1749 1013 1796 subditos.
1036 1750 1165 1796 Polit.
1185 1750 1249 1795 IV
1268 1768 1309 1812 p.
1330 1754 1418 1797 432
1438 1752 1475 1797 B
1493 1743 1683 1798 vodatur

440 1840 543 1875 κατὰ
573 1840 691 1887 φύσιν
712 1837 935 1885 ξυμφωνία,
959 1830 1064 1887 quia
1087 1836 1296 1886 ξυμφωνία
1319 1845 1401 1890 per
1418 1846 1464 1874 se
1481 1831 1547 1874 ita
1562 1830 1683 1875 dicta

439 1909 544 1954 inde
565 1910 674 1954 oriri
695 1915 847 1968 posset
869 1908 992 1967 quod
1014 1909 1404 1968 praestantissima
1425 1909 1563 1953 animi
1583 1925 1683 1969 pai-s

438 1989 629 2033 serviret
672 1987 1046 2047 ignobilissimae,
1090 1987 1193 2031 talis
1227 1992 1381 2031 autem
1415 1987 1683 2047 symphonia

490 2179 523 2223 l)
556 2177 607 2212 De
633 2182 813 2228 σωφροσύνῃ
843 2177 912 2212 Csr.
940 2176 990 2212 M.
1019 2178 1148 2212 Anton.
1176 2176 1351 2218 Muretus,
1378 2175 1444 2222 Op.
1474 2175 1599 2211 Omnia
1627 2176 1682 2213 ed.

437 2242 573 2278 Ruhnk.
609 2245 691 2277 tom.
726 2241 796 2283 ΙΙΙ,
824 2254 859 2288 p.
888 2243 959 2276 284
986 2253 1036 2289 sq.
1068 2262 1108 2267 —
1138 2240 1251 2276 Onom
1290 2241 1381 2276 Tull.
1409 2253 1430 2288 q
1468 2253 1495 2278 c.
1524 2241 1628 2276 Orell.
1656 2242 1683 2276 &

443 2308 595 2343 Baiterus
622 2307 756 2354 (1836).
785 2307 822 2342 C.
850 2307 887 2342 F.
915 2307 1109 2342 Hermann:
1137 2307 1261 2342 Gesch.
1281 2319 1313 2342 u.
1331 2307 1422 2353 Syst.
1439 2319 1470 2353 p.
1490 2309 1580 2349 328,
1600 2310 1682 2342 444.

437 2373 473 2408 C.
510 2372 750 2408 Hoffmeister:
785 2372 897 2408 Ueber
932 2372 998 2408 den
1035 2372 1166 2418 Begriff
1198 2372 1259 2407 der
1294 2389 1431 2421 σωφροσ.
1469 2372 1524 2407 bei
1550 2372 1683 2408 Platon.

437 2437 586 2472 Essenae
616 2437 720 2472 1827.
749 2439 770 2470 4
809 2448 868 2483 pp.
897 2438 954 2472 33.
1006 2437 1136 2472 Ritter:
1162 2437 1284 2472 Gesch.
1313 2436 1346 2472 d.
1375 2436 1501 2472 Philos.
1528 2440 1609 2472 tom.
1629 2437 1684 2480 ΙΙ,

439 2514 471 2548 p.
507 2504 575 2537 428
613 2513 672 2549 sq;
707 2502 735 2537 J.
774 2502 974 2544 Ochmann‚
1010 2502 1147 2537 Charm.
1175 2502 1261 2538 Plat.
1287 2502 1345 2549 qui
1372 2503 1478 2537 fertur
1504 2502 1683 2548 dialogus,
1755 2528 1759 2532 .

442 2567 618 2602 Vratielav.
648 2567 762 2609 1827;
789 2567 969 2603 Michelet:
996 2567 1112 2603 Jahrb.
1140 2568 1161 2603 f.
1188 2567 1266 2603 wiss
1306 2567 1441 2613 Kritik,
1472 2569 1576 2610 1829,
1596 2570 1618 2603 t.
1638 2568 1684 2610 1¹,

437 2644 472 2681 p.
501 2632 583 2669 507.
