1938 3248
851 377 908 421 29

258 497 378 555 mus]
409 506 546 557 ἐκείνῳ
575 511 628 557 τῷ
657 511 804 558 σμικρῷ
832 507 963 558 μέρει,
996 509 1050 557 τῷ
1079 507 1100 545 ὃ
1128 503 1221 556 ἦρχέ
1252 505 1288 543 τ’
1319 506 1361 544 ἐν
1392 504 1500 550 αὐτῷ

260 585 327 620 καὶ
358 589 485 622 ταῦτα
515 583 809 635 παρήγγελλεν,
841 585 932 637 ἔχον
961 579 1012 622 αὖ
1032 583 1194 623 κάκεῖνο
1216 584 1434 632 ἐπιστήμην
1457 584 1499 622 ἐν

259 662 366 710 αὐτῷ
396 665 468 710 τὴν
500 666 567 700 τοῦ
591 663 858 712 ξυμφέροντος
880 665 1030 711 ἑκάστῳ
1050 677 1090 699 τε
1113 663 1179 699 καὶ
1201 660 1280 709 ὅλῳ
1301 665 1355 709 τῷ
1377 665 1499 708 κοινῷ

260 739 368 788 σφῶν
399 738 532 777 αὐτῶν
563 741 683 790 τριῶν
713 742 853 779 ὄντων.

322 809 392 853 Ex
426 817 618 868 utraque
647 810 909 855 definitione
938 810 1053 854 hanc
1082 810 1300 871 virtutem
1329 809 1501 854 dixeris

260 895 429 943 σοφίαν;
454 888 623 933 (licitur
645 889 781 933 etiam
807 899 993 946 φρόνησις
1023 889 1069 933 in
1096 888 1262 932 Politia
1286 904 1322 932 e.
1340 905 1382 948 g.
1411 889 1499 946 IX,

260 982 301 1024 p.
350 967 434 1009 591
481 966 517 1009 Β
560 967 637 1010 ubi
674 968 932 1026 junguntur
960 975 1209 1023 σωφροσύνη,
1242 972 1499 1024 δικαιοσύνη,

258 1053 456 1100 φρόνησις.
517 1044 768 1088 Discrimen
801 1045 920 1088 inter
953 1051 1198 1102 utrumque
1226 1045 1499 1090 vocabulum

258 1122 438 1180 proprie
470 1122 555 1165 hoc
587 1129 677 1177 est,
711 1122 833 1181 quod
864 1129 982 1176 σοφία
1013 1130 1082 1165 est
1113 1122 1249 1166 insita
1276 1123 1498 1181 quaedam

259 1199 328 1243 vis
356 1200 450 1244 sive
477 1200 692 1255 facultas,
721 1209 907 1256 φρόνησις
936 1206 1090 1243 autem
1117 1200 1259 1255 actio,
1283 1202 1499 1261 cogitatio

258 1278 397 1323 animi
426 1289 547 1335 σοφοῦ
580 1277 636 1336 1).
680 1278 722 1323 A
749 1278 937 1323 Platone
966 1284 1162 1336 utroque
1189 1279 1373 1324 nomine
1400 1296 1498 1340 pro-

260 1357 428 1401 misene
455 1357 715 1417 appellatur
731 1364 832 1402 tum
850 1356 1072 1416 sapientia
1088 1356 1168 1401 illa
1179 1391 1190 1413 ,
1210 1356 1257 1400 in
1275 1372 1366 1415 qua
1381 1358 1499 1403 intu-

260 1435 375 1480 enda
391 1435 695 1496 discendaque
711 1435 767 1480 ab
784 1441 969 1480 aeterno
987 1435 1093 1494 puri
1109 1435 1251 1480 animi
1268 1445 1502 1483 versantes

183 1545 188 1549 .
260 1529 438 1558 summa
453 1513 713 1573 gaudebant
729 1513 946 1557 beatitate
958 1548 968 1568 ‚
986 1519 1087 1557 tum
1103 1512 1184 1556 illa
1200 1528 1315 1571 quae
1333 1515 1379 1559 in
1397 1530 1501 1573 qua-

261 1592 500 1652 dripartita
527 1579 705 1637 honesti
722 1592 944 1637 divisione
966 1591 1166 1651 primum
1190 1591 1342 1636 locum
1364 1599 1501 1638 tenet.

261 1670 476 1715 Albertus
501 1669 672 1715 Hafner
688 1669 754 1729 (in
773 1669 1092 1730 Disputatione
1110 1670 1311 1729 praemio
1330 1679 1502 1729 ornata,

260 1763 376 1805 quae
419 1747 605 1792 exhibet
648 1748 851 1792 Platonis
895 1755 941 1792 et
984 1746 1117 1792 Stoic.
1157 1747 1213 1791 de
1253 1748 1503 1794 virtutibus

260 1826 489 1884 primariis
538 1825 679 1870 doctr.
725 1826 1135 1885 comparationem,
1179 1826 1333 1870 Turici
1372 1829 1501 1871 1850.

261 1901 307 1959 8)
347 1902 393 1961 2)
440 1903 675 1948 Platonem
720 1904 783 1948 ita
820 1903 1082 1949 distinxisse
1110 1903 1228 1947 inter
1248 1901 1503 1963 'utrumque

316 2158 349 2201 l)
376 2156 533 2191 ceterum
571 2155 614 2190 de
642 2156 819 2204 utriusque
848 2155 1001 2191 vocabuli
1029 2155 1230 2191 discrimine
1258 2157 1324 2192 vid.
1359 2158 1501 2194 Bekkeri

262 2222 366 2268 Oper.
393 2222 478 2257 Plat.
507 2222 558 2257 ed.
585 2222 736 2258 Londin.
761 2227 843 2258 tom.
868 2223 905 2264 I,
931 2234 964 2268 p.
991 2222 1049 2257 97.
1078 2221 1203 2257 Suidas
1222 2222 1277 2258 ed.
1300 2224 1501 2270 Bernhardy

261 2291 345 2323 tom.
383 2288 418 2322 ΙΙ
458 2299 479 2334 p
527 2289 608 2323 835.
658 2291 809 2336 Φρόνιμος
843 2299 908 2323 uon
944 2286 1072 2322 ironice
1106 2299 1128 2321 a
1149 2287 1292 2323 Platone
1319 2293 1503 2336 usurpatur
1535 2314 1542 2321 x

262 2352 361 2387 sicuti
389 2357 493 2402 σοφὸς.
546 2352 595 2388 Cf.
624 2355 698 2389 Ast.
725 2353 840 2389 Lexic‘.
867 2354 974 2396 Pkat„
1000 2358 1083 2389 tom.
1110 2353 1162 2389 III
1187 2366 1222 2400 p.
1249 2356 1339 2396 263,
1369 2357 1451 2391 512.

314 2420 350 2464 2)
378 2418 489 2453 Habet
515 2418 574 2453 illa
603 2417 791 2465 disputatio
821 2422 954 2466 praeter
979 2419 1063 2454 alias
1086 2419 1172 2454 hanc
1197 2431 1334 2467 quoque
1364 2420 1501 2456 laudem

263 2483 354 2532 quod
383 2484 504 2519 nititur
534 2484 676 2526 Politia,
705 2496 773 2532 qua
807 2484 910 2520 laude
943 2483 1056 2520 ornari
1083 2494 1150 2519 non
1177 2484 1280 2520 debet
1304 2485 1379 2521 Car.
1407 2486 1502 2522 Frid.

263 2549 431 2585 Staudlin.
485 2550 564 2586 vid.
601 2550 673 2596 ejus
712 2550 835 2586 Gesch.
866 2549 928 2585 der
958 2548 1198 2596 Moralphilos.
1230 2561 1263 2596 p.
1300 2552 1501 2588 154—170.

263 2615 302 2650 In
332 2607 602 2650 mentem'venit
632 2615 752 2651 moniti
782 2615 874 2663 quod
910 2615 944 2650 in
979 2614 1084 2650 simili
1115 2625 1152 2649 re
1177 2614 1277 2650 dedit
1297 2615 1343 2651 H.
1362 2615 1501 2660 EwaltL
