1938 3248
999 350 1053 392 18

394 488 499 517 cum
518 470 586 516 Cf.
605 469 851 525 Heusdius‚
866 468 992 528 Spec.
1010 467 1162 513 Oritic.
1181 469 1229 513 in
1247 469 1488 515 Platonem
1504 487 1546 530 p.
1568 474 1639 526 87,

392 551 470 610 qui
503 550 737 594 nonnullis
764 548 876 592 locis
909 547 1076 603 allatis,
1111 548 1246 607 plura
1278 548 1362 592 hac
1395 548 1452 593 de
1487 564 1535 593 re
1568 548 1640 593 da-

391 637 551 673 turum
584 628 740 672 scribit
773 626 826 670 D.
862 625 1102 670 Heinsium
1136 625 1194 670 ad
1227 625 1414 671 Maxim.
1449 626 1638 686 Tyrium

391 723 433 767 p.
487 708 557 751 65.
624 705 838 750 Testatur
885 703 1008 748 idern
1057 704 1258 749 narratio
1307 704 1363 749 de
1407 704 1638 765 Sophrone

391 785 674 845 Syracusano
719 783 965 827 mimorum
999 783 1219 842 scriptore
1253 799 1280 826 a
1315 782 1506 827 Platone
1541 782 1638 826 dili-

389 869 548 923 genter
580 862 723 918 lecto‚
758 876 849 921 quo
882 860 1028 920 magis
1062 859 1266 921 dialogos
1300 876 1406 906 suos
1441 859 1500 905 ad
1517 861 1637 906 vitae

391 941 644 985 eommunis
678 940 872 998 speciem
905 940 1135 983 formaret.
1202 939 1424 983 Universe
1456 939 1513 983 de
1541 940 1637 983 Pla-

389 1019 542 1064 tonico
576 1018 757 1077 dialogo
783 1017 978 1061 conferri
995 1024 1230 1062 merentur
1247 1016 1479 1076 Wyttenb.
1498 1018 1526 1061 l.
1545 1018 1573 1062 1.
1593 1034 1633 1077 p.

389 1096 471 1140 XL
505 1111 598 1154 sqq.
635 1101 680 1139 et
713 1094 760 1138 F.
795 1094 1035 1138 Thiersch:
1071 1093 1219 1138 Ueber
1242 1093 1315 1138 die
1334 1093 1634 1139 dramatische

388 1174 538 1219 Natur
593 1173 674 1216 der
728 1172 843 1216 Plat.
896 1172 1107 1231 Dialoge,
1154 1173 1233 1214 in:
1281 1171 1506 1215 Abhandl.
1553 1172 1635 1215 der

388 1251 641 1296 Miinchner
675 1249 926 1294 Akademie
966 1251 1082 1294 1837
1116 1266 1157 1308 p.
1197 1251 1358 1293 1—-59,

961 1494 1056 1553 ξε.

418 1644 488 1688 De.
512 1643 712 1702 partibus
744 1642 884 1686 animi
913 1642 1096 1687 humani
1125 1643 1271 1688 ivsssdem
1306 1643 1387 1687 illie
1419 1660 1526 1703 quae
1558 1645 1603 1688 in

769 1721 932 1764 civitate
964 1721 1245 1779 reperiuntur.

448 1869 750 1914 considerans
783 1869 988 1912 animum
1023 1869 1294 1925 humanum,
1328 1870 1475 1929 qualis
1508 1887 1630 1915 nunc

385 1955 454 1992 est
481 1947 631 2007 priore
660 1963 741 1990 sua
760 1946 981 2006 dignitate
998 1948 1175 2004 amissa,
1196 1947 1327 1992 Plato
1345 1948 1628 2008 tripartitum

382 2026 516 2070 illum
560 2024 672 2069 dicit
716 2040 823 2069 esse.
890 2024 1183 2084 Singularum
1228 2026 1430 2085 partium
1464 2033 1628 2070 natura

382 2104 654 2163 intelligit-ur
671 2120 694 2148 e
712 2104 973 2149 nominibus
991 2105 1156 2165 quibus
1174 2105 1448 2149 indicantur.
1476 2105 1626 2150 Prima

381 2197 485 2241 pars
509 2188 577 2225 est
606 2190 648 2225 τὸ
674 2186 915 2236 λογιστικόν,
937 2198 1027 2241 quo
1050 2183 1185 2227 homo
1207 2187 1409 2238 λογίζεται
1424 2205 1439 2236 ,·
1465 2183 1627 2228 ceteris

381 2259 582 2313 duabus,
603 2260 868 2318 praesertim
892 2267 1044 2304 tamen
1063 2261 1211 2317 tertia,
1230 2261 1340 2305 haec
1357 2277 1460 2321 pars
1480 2263 1626 2306 multo

381 2337 676 2381 excellentior
726 2343 805 2380 est.
874 2336 1077 2381 Vocatur
1120 2346 1162 2382 τὸ
1202 2347 1343 2395 ἣμεροι)
1389 2347 1455 2383 καὶ
1498 2348 1624 2398 ἄρχον

380 2425 448 2470 τῆς
489 2425 642 2472 ψυχῆς,
679 2423 723 2458 τὸ
752 2423 969 2471 φρόνιμον,
999 2423 1021 2459 ό
1049 2419 1181 2469 λόγος,
1214 2423 1235 2459 ό
1264 2425 1402 2471 νόμος,
1436 2425 1480 2460 τὸ
1510 2422 1624 2473 φιλό-

379 2512 501 2548 σοφον
544 2501 609 2537 καὶ
651 2498 883 2549 φιλομαθές,
925 2500 966 2537 τὸ
1005 2499 1180 2547 dureris·
1221 2506 1286 2548 τῆς
1328 2505 1458 2551 ψυχῆς
1495 2500 1623 2551 μέρος.

379 2569 501 2627 (vid.
547 2570 679 2615 Polit.
726 2570 788 2614 lx
834 2587 876 2630 p.
924 2572 1038 2626 571,
1084 2572 1172 2616 586
1220 2570 1282 2628 D,
1327 2570 1392 2616 lv
1430 2588 1472 2631 p.
1508 2574 1623 2630 442,
