1938 3248
592 288 613 359 2³⁶³

1021 356 1078 397 86

471 477 609 535 Apud
661 475 960 528 Plutarchum
1005 475 1080 533 (de
1109 477 1221 529 fato)
1257 479 1449 537 legimus
1470 497 1477 523 :
1499 515 1506 522 .
1529 515 1566 523 ..
1598 480 1659 525 ,ὧν

408 568 430 613 η’
477 565 550 612 μὲν
595 562 787 601 α’νωτάτω
817 559 962 600 Κλωθὼ
993 565 1351 613 προςαγορειῖεται,
1384 569 1408 614 η’
1447 568 1661 603 κατωτάτω

409 643 451 681 δὲ
497 646 681 694 Λάχεσις.
740 635 926 679 Praeter
974 636 1086 679 alios
1131 637 1277 696 magis
1322 637 1406 681 hac
1450 638 1497 682 in
1531 644 1661 699 parte

408 716 646 760 Platonem
681 722 862 759 secutus
896 722 964 759 est
993 714 1273 769 Chalcidius‚
1308 717 1661 776 Neoplatonicus

409 794 708 854 philosophus
743 808 854 839 saec.
890 792 956 838 IV
986 790 1054 850 (5³),
1090 795 1169 854 qui
1200 795 1275 851 „in
1310 794 1547 841 Timaeum
1566 796 1662 842 Pla—

410 882 503 917 ton.
539 874 805 917 comment.''
841 888 934 931 cap.
953 872 1041 915 VII
1059 889 1321 932 supremam
1340 889 1435 918 esse
1454 875 1660 934 Atropon

412 951 546 1005 dicit,
582 950 780 995 mediam
812 949 999 1004 Clotho,
1037 951 1176 996 imam
1216 951 1462 1009 Lachesin,
1501 953 1558 997 ad
1576 969 1617 1012 q.
1632 954 1660 997 l.

411 1029 516 1073 vide
550 1028 745 1073 Fabricii
779 1036 933 1072 notam
968 1028 1024 1071 de
1065 1029 1230 1073 Parcis.

475 1098 589 1145 Tim.
640 1115 682 1160 p.
722 1100 778 1144 28
813 1097 848 1145 C
881 1107 964 1146 Τὸν
993 1108 1066 1156 μὲν
1102 1102 1171 1146 οὖν
1203 1111 1374 1158 ποιητὴν
1406 1110 1472 1147 καὶ
1504 1108 1661 1159 πατέρα

412 1185 525 1224 τοῦδε
575 1188 642 1223 τοῦ
692 1187 844 1229 παντὸς
884 1186 1009 1233 εὑρεῖν
1045 1200 1084 1222 τε
1130 1185 1275 1234 ἔργον,
1317 1187 1382 1223 καὶ
1414 1186 1578 1236 εὑρόντα
1610 1188 1662 1230 εἷς

413 1265 569 1307 πάντας
602 1260 806 1301 ἀδύνατον
835 1260 981 1310 λέγειν.

475 1335 693 1394 Respexit
711 1335 792 1378 illa
804 1333 944 1378 verba
960 1332 1216 1391 C.Vellejus
1234 1333 1356 1392 apud
1374 1331 1478 1389 Cic„
1498 1334 1553 1378 de
1571 1341 1660 1378 nat.

413 1413 535 1459 deor.
572 1430 665 1472 cap.
700 1414 779 1457 12:
802 1411 934 1468 „Jam
953 1412 1009 1457 de
1029 1412 1233 1457 Platonis
1250 1413 1554 1457 inconstantia
1570 1414 1662 1457 lon-

412 1508 522 1553 gum
548 1498 618 1536 est
644 1490 794 1536 dicere
828 1492 907 1550 qui
925 1492 970 1535 in
989 1491 1175 1536 Timaeo
1193 1497 1369 1551 patrem
1385 1491 1521 1548 hujus
1539 1507 1664 1535 mun-

414 1571 461 1615 di
494 1571 717 1615 nominari
753 1585 884 1629 posse
912 1577 1071 1630 neget,
1107 1570 1152 1613 in
1174 1569 1348 1627 Legum
1366 1576 1519 1614 autem
1535 1570 1664 1614 libris

413 1648 524 1709 quid
574 1649 634 1693 sit
683 1648 868 1692 omnino
919 1647 1041 1692 Deus
1090 1647 1270 1707 anquiri
1325 1655 1531 1708 oportere
1570 1664 1660 1692 non

415 1727 630 1772 censeat.”
665 1726 810 1771 Locus
843 1727 890 1770 in
925 1731 1080 1782 Νόμοις
1112 1726 1279 1785 legitur
1302 1726 1378 1770 lib.
1398 1726 1487 1770 VII
1509 1742 1551 1785 p.
1572 1728 1660 1771 821

418 1807 485 1850 A:
535 1813 603 1850 τὸν
647 1811 835 1860 μέγιστον
880 1813 962 1848 θεὸν
1009 1812 1074 1847 καὶ
1119 1809 1213 1849 ὅλον
1249 1813 1317 1849 τὸν
1358 1810 1501 1860 κόσμον
1533 1813 1663 1861 φαμὲν

417 1894 505 1929 οὐτε
560 1890 694 1939 ζητεῖν
757 1887 840 1927 δεῖν
895 1890 983 1926 οὔτε
1028 1889 1380 1937 πολυπραγμονεῖν
1423 1891 1490 1932 τὰς
1531 1890 1663 1934 αἶτίας

418 1969 678 2018 ἐρευνῶντας·
725 1966 769 2004 οὐ
799 1968 873 2016 γὰρ
903 1964 994 2004 οὐδὲ
1025 1967 1134 2004 ὅσιον
1161 1961 1280 2004 εἶναι·
1315 1968 1456 2004 τούτου
1487 1965 1528 2004 δὲ
1561 1966 1664 2005 ἐόικε

418 2050 499 2083 πᾶν
530 2047 645 2082 τοῦτο
681 2044 919 2081 τούνάντιον
956 2042 1193 2091 γιγνόμενον
1219 2043 1336 2092 ὀρθῶς
1365 2046 1417 2081 ἂν
1449 2045 1663 2091 γίγνεσθαι.

418 2116 598 2161 Monuit
641 2113 855 2169 Krische,
906 2113 1230 2173 Forschungen
1275 2120 1381 2158 tom.
1428 2114 1448 2159 Ι
1497 2131 1539 2175 p.
1579 2116 1659 2159 181

419 2194 684 2241 Ciceronem
732 2181 938 2237 locutum
983 2208 1078 2237 esse
1124 2208 1181 2237 ex
1231 2201 1381 2238 mente
1430 2194 1666 2254 Epicurei,

420 2282 556 2334 atque
601 2273 686 2317 hoe
730 2272 970 2332 plerosque
1014 2273 1181 2331 fugisse
1233 2274 1500 2333 interpretes
1544 2289 1578 2318 e.
1624 2289 1665 2334 g.

419 2353 711 2400 Richterum:
761 2351 818 2395 de
852 2351 1054 2396 Platonis
1092 2352 1229 2408 ideis,
1260 2352 1379 2416 Lips.
1419 2355 1536 2397 1827
1560 2370 1601 2412 p.
1626 2356 1666 2397 4.

420 2432 568 2492 Ipsius
602 2430 739 2474 verba
772 2429 880 2473 haee
915 2437 1044 2474 sunt:
1092 2430 1181 2485 „Es
1200 2431 1258 2475 ist
1274 2446 1386 2490 ganz
1410 2431 1521 2490 irrig
1538 2446 1668 2475 wenn

422 2511 609 2556 Richter
643 2510 688 2553 in
723 2508 810 2553 den
845 2508 1030 2553 Worten
1067 2509 1122 2552 de
1147 2509 1349 2553 Platonis
1367 2510 1670 2553 inconstantia

422 2589 610 2648 longum
652 2593 720 2632 est
753 2586 903 2631 dicere
937 2586 1010 2631 bei
1043 2585 1199 2632 Cicero
1233 2586 1304 2631 ein
1337 2585 1451 2631 iiber
1483 2585 1670 2632 Platons
