1938 3248
869 389 925 431 67

339 513 472 556 Polit.
513 512 555 556 II
585 528 627 571 p.
665 513 753 555 375
794 510 846 554 A.
882 517 965 556 Οἴει
999 512 1067 556 οὖν
1102 532 1156 561 τι,
1186 514 1232 565 ἧν
1265 517 1405 565 δ’ἐγὼ,
1436 517 1519 556 δια-

275 598 408 649 φέρειν
448 602 564 646 φύσιν
609 597 798 644 γενναίου
834 594 1026 640 σκύλακος
1057 598 1110 640 εἰς
1141 593 1324 645 φυλακὴν
1359 597 1518 635 νεανίσ-

277 691 348 715 κου
389 681 581 724 ευγενοῦς.

337 747 515 792 Monuit
559 745 775 806 Ogienski
817 744 1043 803 (Welches
1078 746 1137 789 ist
1169 744 1251 789 der
1285 744 1393 790 Sinn
1441 745 1518 790 des

274 825 587 886 platoniSChen
606 833 653 870 τὰ
682 833 803 870 αὑτοῦ
835 835 1022 882 πράττων
1041 830 1062 868 :⁷
1075 824 1368 869 Trzelneszno
1387 826 1516 880 1845,

277 908 317 949 4.
351 921 392 964 p.
432 906 475 962 7)
525 903 796 949 vocabulum
847 908 995 955 σκύλαξ
1037 920 1063 947 a
1095 903 1285 947 Platone
1319 904 1513 947 electum

275 998 369 1027 esse
402 988 586 1042 propter
612 983 711 1026 soni
728 981 1074 1026 similitudinem
1092 997 1197 1026 cum
1215 986 1345 1038 φύλαξ
1363 1016 1372 1035 ,
1392 981 1516 1039 quod

275 1062 322 1105 in
345 1062 547 1106 oratione
570 1069 785 1107 contexta
801 1061 1042 1121 praecedit.
1080 1061 1250 1105 Vereor
1268 1077 1380 1105 num
1397 1068 1517 1105 recte

274 1147 428 1185 nostro
482 1141 581 1185 loco
636 1141 1001 1201 paronomasiam
1061 1140 1218 1185 adesse
1276 1140 1516 1197 statuerit,

274 1235 388 1278 quae
422 1234 555 1279 saepe
589 1220 744 1264 existit
778 1228 830 1265 ut
862 1219 1096 1265 rideantur
1119 1219 1347 1280 sophistae
1371 1234 1394 1262 e
1413 1234 1512 1263 con-

269 1298 504 1356 junctione
533 1298 728 1341 nominis
744 1299 916 1357 proprii
933 1314 1036 1342 cum
1056 1298 1238 1342 nomine
1258 1297 1513 1341 communi:

275 1374 425 1435 Symp.
459 1392 499 1435 p.
533 1378 618 1420 185
653 1376 699 1421 C.
735 1385 975 1422 Παυσανίου
1005 1383 1046 1421 δὲ
1077 1383 1336 1432 παυσαμένου
1372 1374 1513 1433 (addi-

273 1461 349 1497 tur
397 1459 625 1498 διδάσκουσι
661 1464 733 1510 γάρ
762 1476 807 1510 με
843 1460 972 1509 λέγειν
1004 1462 1143 1500 οὕτωσι
1175 1462 1212 1498 οἱ
1251 1460 1394 1510 σοφοί).
1430 1452 1514 1496 PO-

274 1532 339 1575 lit.
390 1531 455 1575 IX
501 1547 542 1590 p.
589 1533 678 1574 580
725 1530 771 1576 C.
816 1540 837 1575 ό
872 1539 1118 1587 Ἀρίστωνος
1148 1539 1228 1582 υἱὸς
1260 1539 1326 1576 τὸν
1350 1541 1515 1588 ἄριστον

276 1616 431 1666 ἔκρινε,
477 1608 609 1653 Polit.
649 1608 691 1652 X
730 1625 770 1668 p.
808 1611 896 1653 614
931 1609 979 1653 Β.
1022 1615 1225 1655 Ἀλκίνου
1260 1639 1312 1644 -
1346 1614 1517 1665 ἀλκίμου

274 1693 430 1743 ἀνδρὸς.

340 1765 470 1809 Polit.
505 1765 549 1809 II
582 1782 629 1824 p.-
656 1767 757 1810 377.
808 1766 882 1810 Ad
916 1765 1118 1810 Platonis
1152 1767 1427 1810 sententiam
1461 1766 1517 1810 de

273 1843 438 1887 fabulis
487 1843 548 1887 ibi
592 1845 877 1904 propositum
906 1845 1168 1889 conferatur
1200 1845 1385 1890 omnino
1414 1845 1518 1890 Pro-

274 1923 395 1978 olus,
430 1922 584 1966 Theol.
621 1923 736 1967 Plat.
771 1924 792 1967 I
827 1942 835 1967 :
890 1927 917 1968 4
946 1941 988 1983 p.
1029 1926 1097 1968 10.
1139 1922 1182 1980 1)
1231 1924 1284 1967 In
1317 1925 1371 1967 iis
1404 1931 1519 1983 quae

274 2000 404 2045 Plato
438 2002 483 2045 in
518 2002 848 2063 mythologiam
880 2002 1000 2047 dixit
1026 2002 1220 2062 praeivit
1256 2001 1517 2062 Euripides,

275 2079 367 2123 Ion.
411 2096 451 2139 p.
504 2082 593 2124 443
639 2097 702 2139 sq.
755 2091 836 2126 Καὶ
868 2091 941 2139 γὰρ
971 2090 1078 2133 ὅστις
1102 2091 1154 2126 ἂν
1185 2090 1339 2140 βροτῶν
1366 2087 1373 2140 Ι
1399 2091 1517 2132 κακὸς

275 2166 447 2217 πιφιίκῃ,
489 2165 692 2216 ζημιοῦσιν
740 2168 777 2205 οἱ
813 2168 901 2206 θεοί.
932 2166 937 2218 Ι
963 2168 1058 2211 Πῶς
1096 2162 1165 2206 οὖν
1207 2165 1386 2212 δίκαιον,
1430 2168 1517 2210 τούς

328 2373 362 2416 l)
372 2372 413 2406 In
423 2371 507 2407 Dan.
518 2372 772 2419 Wyttenbachii
781 2372 1003 2409 Lectionibus
1014 2373 1187 2421 Quinque.
1198 2373 1264 2410 Ed.
1275 2374 1318 2409 G.
1328 2374 1366 2410 L.
1378 2373 1516 2417 Mahne,

275 2437 439 2482 Gandav,
482 2439 586 2473 1824.
627 2440 657 2473 8.
698 2450 731 2484 p.
773 2441 819 2472 44
858 2438 949 2484 legi,
987 2439 1023 2474 in
1045 2439 1172 2474 librum
1199 2439 1229 2474 X
1256 2439 1299 2474 de
1327 2439 1517 2485 Republica

200 2500 203 2504 '
274 2502 359 2538 Plat.
395 2503 567 2539 exstitisse
604 2504 717 2539 Procli
753 2503 1048 2540 Commentariun]
1068 2534 1073 2543 .
1097 2505 1156 2552 qui
1180 2505 1349 2551 superiori
1381 2505 1517 2541 saeculo

273 2569 386 2603 adhuc
413 2569 608 2604 Florentiae
634 2570 668 2604 in
697 2570 904 2605 bibliotheca
931 2570 1071 2606 Salviati
1099 2571 1282 2617 apparuit,
1312 2573 1371 2606 sed
1402 2576 1519 2617 postea

274 2634 421 2669 evanuit.
