1938 3248
833 370 889 413 31

238 489 356 535 Add.
405 490 585 537 Theaet.
635 507 677 551 p.
733 493 820 542 184
870 487 928 548 C,
977 489 1154 535 Politie.
1200 505 1241 549 p.
1290 490 1373 534 261
1420 488 1479 544 E,

239 567 373 628 Soph.
401 584 443 628 p.
475 570 562 613 218
591 568 626 613 C
659 568 714 626 1).

301 647 454 691 Verba
494 659 548 704 τῷ
591 658 836 704 σμικροτάτῳ
878 656 958 704 ἄρα
1002 653 1100 692 ἔθνει
1147 645 1281 689 Polit.
1328 646 1394 689 IV
1434 662 1477 705 p.

238 725 328 769 428
379 723 416 768 Ε
469 723 639 781 (locum
692 739 831 783 supra
890 723 1027 768 attuli
1076 738 1179 782 pag.
1232 723 1310 782 27)
1349 723 1477 767 Frid.

239 800 622 846 Schleiermacher
664 803 814 846 minus
859 809 1070 847 accurate
1114 801 1236 845 dicta
1273 802 1477 860 putabat.
1536 843 1538 845 ,

238 879 291 924 In
331 881 536 925 versione
570 881 666 939 ejus
700 879 968 926 Germanica
1000 879 1212 925 Civitatis
1246 895 1288 938 p.
1323 895 1382 923 m.
1422 882 1476 924 17

236 957 356 1002 inter
382 958 470 1002 alia
497 958 605 1003 haec
638 958 876 1019 leguntur:
910 957 1035 1003 Eben
1065 973 1113 1002 so
1148 956 1221 1002 die
1254 964 1392 1002 etwas
1420 973 1476 1001 zu

235 1037 377 1082 leicht
408 1038 690 1098 zugegebene
722 1037 1010 1097 Bemerkung
1033 1036 1171 1081 deren
1194 1036 1476 1097 Richtigkeit

236 1116 310 1160 fiir
341 1115 430 1161 den
462 1115 589 1162 Staat
617 1116 849 1162 vielleicht
865 1116 1135 1176 erfolgreich
1154 1132 1209 1160 zu
1227 1115 1474 1161 bestreiten

236 1198 376 1249 ware,
422 1193 524 1239 dass
563 1194 684 1240 diese
727 1194 1026 1239 Erkenntniss
1071 1210 1161 1239 nur
1193 1194 1339 1239 einem
1373 1194 1477 1239 sehr

235 1272 415 1316 kleinen
458 1272 615 1316 Theile
660 1272 740 1316 der
781 1272 958 1330 Biirger
1001 1272 1267 1315 einwohnen
1300 1273 1475 1327 konne,

239 1349 413 1394 scheint
445 1349 574 1394 mehr
602 1366 680 1394 um
699 1349 780 1394 der
797 1348 923 1395 Seele
941 1349 1092 1393 willen
1109 1348 1479 1408 hervorgehoben

238 1444 295 1471 zu
327 1428 433 1471 sein.
499 1428 696 1472 Videtur
723 1429 792 1471 illi
825 1428 1073 1471 sentent-iae
1101 1428 1480 1485 praestantissimi

238 1505 442 1550 Platonis
475 1506 735 1566 interpretis
762 1521 972 1550 assensus
995 1504 1197 1565 praeberi
1220 1495 1313 1549 non
1335 1521 1479 1564 posse.

240 1583 411 1628 Notum
462 1591 530 1628 est
578 1585 674 1643 ejus
728 1584 1064 1629 nobilissimum
1123 1584 1333 1638 effatum,
1393 1584 1481 1628 nisi

238 1660 496 1722 philosophi
524 1662 786 1708 civitatibus
818 1662 1021 1722 praesint
1060 1662 1133 1705 vel
1166 1661 1213 1705 hi
1247 1662 1325 1719 qui
1360 1677 1482 1706 nunc

239 1739 463 1799 imperant
499 1740 902 1802 philosophentur,
947 1755 1039 1785 non
1082 1740 1178 1784 fore
1216 1740 1478 1785 civitatibus

296 1954 325 2000 l)
352 1952 530 1988 Nonnulla
559 1953 716 2000 exempla
747 1965 833 2001 quae
859 1957 1064 1989 succurrunt
1092 1953 1210 1988 afferre
1241 1952 1351 1988 liceat.
1404 1953 1482 1988 Non

239 2020 398 2053 constans
424 2021 476 2052 est
501 2017 536 2052 in
564 2029 627 2052 usu
656 2018 899 2053 vocabulorum
930 2019 1013 2059 εἶδος
1039 2020 1072 2052 et
1100 2020 1180 2054 ἰδέα.
1232 2016 1283 2052 Of.
1313 2017 1484 2064 Wyttenb.

239 2083 282 2118 ad
310 2083 482 2118 Phaedon.
509 2095 542 2129 p.
572 2085 655 2125 274,
680 2083 735 2119 cui
762 2083 956 2119 adsentitur
985 2083 1023 2118 V.
1049 2083 1148 2118 Doct.
1176 2085 1206 2123 A
1243 2083 1276 2118 J.
1306 2083 1484 2129 Vitringa:

239 2148 283 2184 de
308 2148 445 2196 egregio
473 2149 566 2198 quod
593 2150 628 2185 in
655 2149 755 2186 rebus
781 2149 957 2197 corporeis
983 2148 1162 2185 constituit
1187 2148 1346 2185 Plotinus
1372 2149 1485 2197 pulcri

239 2215 428 2263 principio,
455 2216 658 2253 Daventriae
690 2219 793 2253 1860.
811 2220 845 2253 4.
870 2229 903 2264 p.
925 2219 969 2252 23
980 2231 990 2259 ;
1008 2216 1082 2252 Gar.
1099 2215 1225 2261 Kfflm,
1243 2215 1286 2251 de
1305 2215 1485 2252 dialectica

241 2282 393 2317 Platonis
404 2309 414 2325 ,
424 2283 536 2319 Berol.
553 2285 646 2318 1843
656 2312 665 2326 ,
683 2285 702 2318 8
713 2310 722 2326 ,
736 2295 812 2330 pag.
829 2282 860 2320 7.
889 2282 1081 2330 (Interdum
1095 2287 1207 2318 tamen
1222 2281 1485 2328 distinguuntur

240 2348 304 2388 ita,
334 2352 370 2384 ut
394 2348 478 2390 εἶδος
502 2347 610 2395 magis
636 2348 801 2395 objective
828 2348 977 2394 dicatur)
999 2369 1046 2376 ——
1072 2353 1215 2397 ποίημα.
1232 2356 1333 2386 ποιεῖν
1352 2353 1386 2384 et
1404 2352 1484 2397 δρᾶν

240 2413 433 2460 promiscue
458 2417 641 2449 occurrunt
666 2414 816 2461 Sophist.
843 2426 877 2462 p.
905 2417 987 2451 248.
1038 2413 1088 2449 of.
1117 2414 1244 2449 Ritter:
1271 2414 1397 2452 Gesoh.
1423 2415 1485 2450 der

240 2479 370 2515 Philos.
389 2483 470 2515 tom.
488 2479 543 2522 II,
561 2492 595 2526 p.
619 2480 707 2523 1873
733 2483 769 2517 τὸ
787 2482 834 2525 ὅν,
855 2485 983 2525 ταύτόν,
1004 2483 1040 2517 τὸ
1059 2484 1183 2522 ἀληθές.
1215 2480 1291 2517 Vid.
1312 2481 1483 2528 wyttenb.

241 2545 284 2580 ad
313 2545 379 2592 Op.
408 2545 530 2597 Moral.
558 2545 647 2581 Plut.
669 2549 760 2582 tom.
788 2546 873 2590 VII,
902 2559 935 2593 p.
964 2548 1054 2589 246;
1072 2549 1237 2595 φιλόσοφος
1253 2550 1286 2582 et
1303 2551 1484 2595 φιλομαθής.

242 2611 288 2646 de
314 2610 440 2658 quibus
468 2611 642 2646 vocabulis
669 2611 738 2657 egit
764 2612 935 2659 Wyttenb.
962 2611 1006 2647 ad
1033 2611 1207 2647 Phaedon.
1234 2625 1266 2658 p.
1296 2612 1377 2648 217.
