1938 3248
1020 337 1073 378 78

422 468 466 504 et
500 460 602 504 sciri
638 466 744 503 ante
778 465 824 503 et
858 458 1057 518 praedici
1090 474 1221 517 posse
1253 483 1310 488 —
1340 484 1400 488 -ψ
1434 484 1492 488 —
1527 458 1669 504 Nocte

420 553 558 596 quam
603 537 747 597 pridie
791 535 945 580 Nonas
982 535 1269 595 Septembres
1307 537 1548 594 insequuta
1575 543 1667 592 est,

421 615 543 660 edita
581 615 692 658 hora
735 615 846 658 luna
895 630 1038 673 quum
1074 614 1308 659 defecisset
1340 614 1556 658 Romanis
1591 615 1669 657 mi-

421 693 580 738 litibus
615 690 733 738 Galli
768 691 990 751 sapientia
1022 707 1163 752 prope
1193 691 1348 737 divina
1376 691 1543 737 videri:
1578 691 1668 736 Ma·

421 773 613 817 cedonas
667 778 718 814 ut
773 771 901 814 triste
957 770 1242 830 prodigium,
1287 786 1497 815 occasum
1542 770 1669 829 regni

420 851 758 912 perniciemque
812 850 981 909 gentiS‚
1028 850 1208 895 movit.”
1253 847 1535 908 (Consonant
1577 849 1668 893 fere

421 946 525 975 cum
563 929 691 973 Livio
725 928 846 973 Plut.
877 927 1005 972 Aem.
1042 928 1167 972 Paul.
1198 943 1294 988 cap.
1323 930 1377 973 17
1388 947 1398 983 ;
1417 927 1532 971 Plin.
1552 927 1666 971 Hist.

420 1008 525 1053 Nat.
567 1007 610 1050 II
655 1022 749 1066 cap.
798 1007 847 1060 6;
890 1005 1049 1065 Polyb.
1085 1007 1210 1064 reliq.
1242 1006 1347 1050 libri
1383 1007 1438 1049 29
1475 1021 1569 1065 cap.
1607 1007 1666 1061 6.)

423 1086 577 1132 Simile
607 1084 717 1145 quid
748 1084 803 1129 de
833 1082 1056 1129 Columbo
1086 1092 1241 1130 narrat
1274 1085 1584 1131 Robertsonus
1617 1083 1664 1127 in

422 1164 590 1209 Histor.
627 1164 821 1208 AmeriC.
862 1164 946 1208 sub
979 1165 1116 1209 finem
1152 1164 1226 1209 lib.
1258 1164 1311 1208 II.
1352 1162 1407 1221 1).
1444 1163 1669 1209 Convoca-

420 1245 488 1287 vit
542 1243 619 1286 ille
673 1240 888 1285 Indianos
932 1243 1011 1300 qui
1044 1243 1140 1301 jam
1185 1242 1413 1287 desierant
1451 1241 1668 1286 admirari

421 1321 673 1381 Hispanos,
720 1320 783 1364 ita
828 1327 879 1364 ut
928 1336 984 1365 ne
1035 1328 1341 1365 commeatum
1385 1320 1569 1379 quidem
1614 1319 1668 1363 iis

422 1400 637 1460 praebere
672 1400 854 1444 vellent.
922 1400 1161 1445 Advocata
1200 1401 1414 1444 concione
1439 1399 1557 1444 dixit
1573 1399 1669 1443 forc

422 1485 474 1523 ut
522 1479 633 1522 luna
677 1477 912 1533 deficeret,
958 1493 1096 1537 seque
1136 1478 1500 1538 conspiciendam
1541 1477 1669 1521 daret

421 1559 740 1618 sanguineam,
777 1557 938 1601 iratam
972 1559 1139 1618 quippe
1163 1565 1348 1618 propter
1365 1573 1523 1602 eorum
1540 1572 1667 1616 agen-

423 1636 468 1681 di
513 1636 760 1692 rationem,
806 1643 942 1697 atque
980 1653 1088 1682 mox
1121 1638 1236 1682 iram
1269 1652 1399 1682 suam
1433 1652 1480 1681 re
1512 1635 1668 1696 proba-

421 1722 585 1759 turam.
663 1714 795 1769 Quod
839 1731 984 1773 quum
1041 1723 1189 1760 stante
1238 1716 1452 1760 concione
1487 1715 1667 1768 evenit,

422 1801 547 1838 metu
607 1794 826 1853 perculsi,
872 1794 1173 1853 superstitiosi
1213 1794 1280 1837 illi
1325 1794 1530 1837 homines
1585 1799 1668 1837 sta-

421 1872 506 1916 tim
551 1887 655 1915 cum
700 1872 866 1916 viatico
917 1872 973 1916 ad
1019 1872 1296 1917 Columbum
1339 1877 1665 1931 properarunt,

419 1965 558 2009 seque
603 1957 950 2010 prostraverunt
983 1951 1041 1995 ad
1074 1951 1212 2011 pedes
1246 1951 1342 2009 ejus
1375 1958 1579 2005 orantes,
1617 1956 1669 1993 ut

419 2035 643 2073 averteret
691 2029 944 2088 periculum
992 2030 1246 2074 imminens.
1314 2028 1472 2088 Neque
1512 2029 1665 2072 irritae

419 2108 605 2152 fuerunt
644 2106 856 2151 columbi
890 2123 1058 2167 preces.
1115 2107 1225 2152 Mox
1258 2108 1378 2151 enim
1413 2108 1523 2151 luna
1551 2107 1668 2150 sicut

420 2192 555 2230 antea
587 2185 738 2230 lucere
774 2186 934 2244 coepit.

482 2263 614 2308 polit.
661 2262 747 2307 VH
797 2280 838 2323 p.
886 2265 973 2308 532
1018 2263 1066 2308 Β.
1092 2262 1138 2308 C.
1174 2269 1234 2308 ‘II
1262 2269 1303 2308 δέ
1330 2285 1399 2318 fl,
1441 2267 1486 2317 ἦν
1519 2269 1665 2318 δ’ἐγὼ,

477 2458 507 2500 l)
543 2454 668 2501 Operis
697 2454 805 2489 versio
835 2455 923 2490 hauc
950 2455 1211 2501 inscriptionem
1247 2455 1347 2489 habet
1377 2455 1569 2501 Belgicam:
1602 2455 1666 2490 Ge-

419 2522 614 2557 schiedenis
643 2535 706 2557 van
737 2522 894 2557 America
921 2521 1008 2557 door
1035 2521 1184 2556 william
1201 2521 1394 2556 Robertson
1411 2549 1419 2563 ‚
1437 2523 1542 2556 Amst.
1566 2522 1667 2559 1778.

420 2588 453 2622 8.
484 2587 533 2622 lbi
565 2587 630 2623 vid.
667 2591 748 2623 tom.
776 2587 791 2622 Ι
824 2599 857 2634 p.
887 2590 968 2623 268.
