1938 3248
1036 345 1091 387 12

434 465 704 525 aretologia‚
739 472 875 525 atque
907 473 1028 512 recte
1063 482 1109 512 se
1142 467 1311 513 habent
1343 469 1482 515 verba
1514 471 1683 516 Tenne-

435 544 615 589 manni:
656 542 815 590 Gesch.
849 544 891 590 d.
923 545 1090 591 Philos.
1122 554 1229 592 tom.
1265 547 1330 604 ΙΙ,
1366 565 1407 608 p.
1442 550 1554 594 506:
1586 549 1685 594 Wir

435 622 605 666 suchen
654 624 703 667 in
751 623 953 668 Platon's
998 623 1225 670 Schriften
1268 627 1529 687 vergeblich
1569 628 1684 672 nach

435 701 584 745 einem
613 701 793 762 System
828 703 911 747 der
940 702 1189 762 Pflichten‚
1218 706 1495 765 ungeachtet
1522 721 1570 750 er
1597 706 1686 750 fast

433 778 543 835 alle,
578 780 725 840 einige
755 796 843 825 nur
875 780 1115 841 beilaufig‚
1148 782 1317 828 andere
1349 783 1683 829 ausfuhrlicher

433 857 622 902 beriihrt
661 856 717 916 1).
782 859 942 919 Neque
987 859 1034 904 id
1071 861 1241 906 mirum
1285 869 1365 907 est.
1432 861 1606 908 Socrati
1638 869 1683 906 ct

432 935 613 981 Platoni
647 938 871 999 principia
899 940 1092 984 moralia
1119 940 1355 985 fundanda
1382 948 1532 996 erant,
1562 940 1683 984 inda-

432 1014 603 1073 gabant
647 1017 831 1062 virtutis
876 1024 1090 1063 naturam
1124 1026 1170 1064 et
1208 1020 1457 1064 officiorum
1495 1020 1680 1064 fontem.

433 1091 635 1137 Maximo
668 1096 810 1139 animi
844 1096 1005 1140 ardore
1041 1095 1256 1140 Socratici
1295 1097 1592 1156 disputabant
1625 1096 1680 1139 de

433 1168 502 1213 his
526 1170 815 1229 potissimum
848 1173 1191 1232 quaestionibus
1209 1174 1390 1220 ethicis:
1410 1190 1468 1219 an
1485 1174 1680 1219 virtutes

432 1247 496 1291 ita
518 1249 639 1293 inter
662 1265 709 1294 se
734 1249 946 1296 differant
970 1260 1023 1297 ut
1047 1268 1119 1308 os,
1145 1268 1305 1310 nasus,
1324 1254 1443 1298 oculi
1462 1259 1508 1297 et
1524 1266 1678 1306 aures,

431 1326 636 1387 aliaeque
676 1330 873 1375 virtutes
911 1332 1001 1376 sint
1041 1332 1148 1388 viri,
1177 1332 1293 1377 aliae
1321 1332 1538 1388 feminae,
1568 1331 1681 1375 aliae

426 1404 633 1462 juvenis,
668 1409 784 1453 aliae
822 1410 966 1466 senis,
1000 1411 1065 1454 ita
1099 1418 1150 1454 ut
1178 1425 1262 1455 nec
1279 1411 1463 1470 {justitia
1507 1409 1682 1454 fortitu-

431 1480 587 1528 dinem
605 1500 688 1530 nec
704 1487 926 1532 fortitudo
937 1488 1166 1547 justitiam
1185 1489 1428 1542 contineat,
1440 1488 1683 1546 justusque

431 1575 524 1604 non
542 1562 672 1606 fortis
695 1579 777 1608 nec
793 1565 925 1609 fortis
935 1566 1090 1624 justus
1109 1573 1154 1610 et
1166 1565 1429 1610 moderatus
1441 1566 1512 1620 sit,
1526 1572 1682 1608 utrum

431 1636 529 1696 ipsa
538 1638 721 1697 justitia
738 1642 796 1687 sit
814 1643 942 1688 nobis
959 1643 1232 1704 appetenda,
1245 1660 1303 1689 an
1315 1650 1497 1689 tantum
1511 1643 1681 1703 species

431 1714 528 1772 ejus
552 1716 599 1760 in
623 1719 862 1778 publicum
888 1737 1036 1777 versa,
1066 1738 1156 1781 quo
1184 1723 1331 1782 maJus
1353 1723 1535 1766 lucrum
1552 1720 1682 1764 nobis

431 1807 764 1853 comparemus,
782 1800 1166 1857 percontabantur
1177 1815 1377 1859 quonam
1388 1806 1520 1859 pacto
1533 1799 1680 1842 virtus

431 1873 660 1931 pariatur,
684 1884 908 1922 naturane
935 1894 992 1922 an
1021 1879 1197 1923 ratione
1227 1885 1273 1923 et
1300 1894 1385 1923 usu
1415 1875 1522 1936 (Cic.
1553 1875 1677 1922 Orat.

433 1950 591 1996 Partit.
623 1970 716 2013 cap.
751 1958 830 2012 18,
859 1955 882 2014 ξ
909 1958 1010 2014 64),
1040 1957 1152 2015 quid
1170 1957 1230 2001 sit
1246 1971 1479 2001 summum
1495 1955 1667 1999 bonum

485 2136 518 2181 l)
552 2135 649 2171 Idem
683 2137 758 2172 sine
793 2136 902 2172 dubio
937 2137 1106 2173 affirmare
1142 2136 1220 2172 licet
1252 2137 1296 2172 de
1322 2136 1494 2183 germanis
1518 2135 1675 2172 diversis·

428 2200 535 2235 simae
561 2201 682 2236 aetatis
708 2203 905 2238 Platonicis.
941 2202 1061 2249 Nuper
1088 2203 1172 2237 mibi
1200 2203 1358 2237 evolvere
1383 2202 1482 2237 licuit
1508 2201 1678 2236 Gemisthi

430 2265 607 2302 Plethonis
633 2267 760 2303 librum
787 2267 831 2302 de
858 2267 1054 2303 virtutibus.
1082 2269 1289 2313 Acceperam
1316 2267 1408 2303 enim
1438 2267 1513 2311 „Jo.
1541 2266 1676 2302 Stobaei

429 2333 636 2377 Eclogarum
674 2332 757 2368 libb.
792 2333 846 2367 111
872 2353 919 2359 —
948 2352 993 2358 ——
1023 2354 1067 2359 —
1096 2344 1187 2368 nunc
1221 2333 1373 2379 primurn
1409 2334 1540 2367 Graece
1567 2331 1676 2374 editi;

429 2397 620 2445 interprete
655 2397 832 2434 Gulielmo
863 2397 1046 2434 Cantero.”
1098 2401 1202 2434 Antv.
1232 2397 1346 2439 1575,
1374 2397 1482 2433 forma
1509 2396 1677 2440 maxima,

428 2464 483 2498 cui
510 2463 642 2499 accedit
668 2468 832 2505 Πληθωνος
852 2480 922 2512 περι
948 2480 1078 2512 αρετων.
1107 2476 1149 2498 ex
1175 2463 1334 2499 biblioth.
1355 2465 1382 2498 V
1402 2464 1473 2509 (iri)
1490 2464 1518 2499 Ο
1537 2463 1674 2510 (aleber-

429 2529 523 2575 rimi)
548 2530 604 2565 Jo.
631 2529 793 2565 Sambuci
821 2529 895 2578 (qui
922 2529 987 2564 fuit
1015 2529 1313 2577 historiographus
1339 2528 1508 2568 Maximil.
1531 2530 1566 2565 ΙΙ
1584 2530 1673 2577 Imp.

429 2595 522 2631 vixi!
557 2597 822 2640 1531—1584).
874 2595 1037 2643 Sequitur
1063 2595 1217 2631 Plutonis
1244 2596 1421 2633 rationem.
