1938 3248
1004 330 1062 372 94

406 453 505 496 loco
541 452 956 497 solitam'Socratis
990 452 1184 496 ironiam
1217 454 1423 512 agnoscit
1456 452 1511 497 V.
1536 453 1652 499 Clar.

406 530 604 575 Karsten
660 529 907 587 (Verhand.
964 545 1073 574 over
1114 529 1429 590 Palingenesie
1474 548 1530 576 en
1569 532 1656 576 Me-

406 608 759 669 tempsychosis,
800 607 1052 652 Amstelod.
1093 610 1210 652 1846
1247 611 1286 654 8.
1318 626 1358 670 p.
1395 609 1488 668 41.)

468 687 697 732 Phaedon.
734 703 774 746 p.
804 689 861 731 86
884 686 930 729 Β.
952 695 1032 731 Καὶ
1051 696 1125 743 γὰρ
1142 689 1226 740 οὖν,
1248 688 1278 732 ὦ
1295 697 1527 745 Σώκρατες,
1543 692 1652 745 οἶμαι

406 774 528 822 ἔγωγε
575 773 641 811 καὶ
686 771 808 810 αὐτόν
840 784 878 808 σε
914 771 1020 809 τοῦτ’
1053 773 1346 822 ἐντεθυμῆσθαι,
1378 774 1439 812 ὅτι
1472 778 1651 814 τοιοῦτον

407 869 442 891 τι
491 851 642 903 μάλισθ’
689 850 1025 904 ὑπολαμβάνομεν
1072 855 1142 900 τὴν
1187 855 1324 904 ψυχὴν
1369 849 1496 899 εἶναι,
1524 853 1652 904 ὥσπερ

405 932 669 984 ἐντεταμένον
712 933 779 969 τοῦ
828 931 1007 979 σώματος
1041 930 1150 980 ήμῶν
1182 931 1247 968 καὶ
1274 930 1541 984 ξυνεχομένου
1577 933 1652 972 ὑπὸ

405 1019 538 1065 θερμοῦ
602 1014 668 1050 καὶ
719 1016 873 1062 ψυχροῦ
933 1012 997 1048 καὶ
1058 1011 1174 1060 ξηροί)
1224 1014 1289 1048 καὶ
1340 1013 1474 1062 ὑγροῦ.

468 1084 781 1143 Componatur
813 1089 992 1140 praeter
1026 1081 1128 1125 illos
1162 1097 1275 1140 quos
1306 1082 1514 1128 laudavit
1530 1083 1654 1145 Wyt-

404 1162 525 1207 tenb.
572 1160 629 1205 ad
663 1159 830 1204 Phaed.
864 1175 964 1218 pag.
1002 1161 1089 1203 229
1110 1195 1120 1215 ,
1156 1160 1282 1204 loeus
1315 1161 1530 1206 Aristot.:
1564 1162 1653 1207 Me-

405 1240 529 1300 taph.
564 1239 584 1283 Ι
619 1254 713 1297 cap.
750 1241 800 1281 4:
837 1246 884 1281 τὰ
900 1245 952 1289 ώς
970 1246 1011 1282 ἐν
1033 1243 1128 1294 ὕλης
1151 1245 1244 1283 εἴδει
1264 1245 1457 1295 λεγόμενα
1475 1253 1653 1299 στοιχεῖα

406 1326 577 1377 τέτταρα
613 1328 766 1376 πρῶτος
801 1319 924 1363 εἶπεν·
961 1315 1293 1376 [Empedoeles]
1328 1326 1372 1364 οὐ
1400 1330 1479 1376 μὴν
1512 1332 1651 1379 χρῆται

405 1421 447 1453 γε
498 1404 708 1455 τέτταρσι,
744 1401 833 1441 ἀλλ’
881 1404 932 1447 03,-
970 1402 1084 1442 δυσὶν
1133 1399 1215 1442 οὖσι
1260 1406 1423 1453 μόνοις,
1453 1407 1547 1456 πυρὶ
1578 1407 1651 1455 μὲν

406 1483 489 1524 καθ’
530 1485 649 1530 αὑτό,
680 1488 760 1528 τοῖς
788 1481 829 1521 δὲ
859 1482 1152 1532 ἀντικειμένοις
1187 1485 1237 1530 ώς
1267 1485 1339 1534 μίᾳ
1370 1487 1505 1536 φύσει,
1537 1492 1585 1536 γῇ
1612 1501 1651 1523 τε

406 1565 471 1601 καὶ
512 1562 621 1613 οὶέρι,
673 1565 739 1600 καὶ
788 1560 920 1601 ὕδατι·
960 1560 1075 1614 λάβοι
1118 1565 1171 1601 ἄν
1208 1578 1266 1608 τις
1298 1563 1395 1601 αὐτὸ
1424 1565 1573 1614 θεωρῶν
1610 1565 1650 1601 ἐκ

405 1646 483 1682 τῶν
529 1645 665 1690 ἐπῶν,
726 1635 805 1679 ubi
853 1633 1184 1678 attendendum
1241 1643 1309 1679 est
1358 1635 1651 1680 Aristotelem

404 1714 546 1773 ipsius
579 1712 840 1758 testimonio
874 1727 970 1756 esse
999 1727 1146 1756 usum.
1178 1711 1241 1756 Cf.
1273 1712 1326 1755 V.
1347 1712 1411 1757 Ol.
1432 1711 1650 1769 Karsten,

405 1792 693 1852 Empedoclis
726 1792 852 1849 reliq.
887 1807 928 1850 p.
964 1793 1066 1835 343.

468 1869 697 1915 Phaedon.
733 1886 774 1929 p.
807 1871 863 1913 97
899 1870 952 1913 A.
984 1875 1064 1914 Οὐκ
1096 1874 1342 1928 ἀποδέχομαι
1370 1877 1541 1927 ἐμαυτοῦ
1559 1875 1649 1915 οὐδὲ

403 1957 482 2002 ὡς,
515 1953 677 1994 ἐπειδὰν
708 1955 769 1992 ἑνί
795 1969 854 1999 τις
885 1957 1024 2004 προςθῂ
1054 1953 1123 2002 ἓν,
1155 1958 1180 2003 ἡ
1212 1956 1255 1992 τὸ
1289 1954 1332 1993 ἓν
1368 1946 1401 2006 ᾧ
1428 1954 1649 2004 προςετέθη,

404 2034 470 2073 διὰ
518 2038 586 2083 τὴν
627 2035 824 2083 πρόςθεσιν
876 2037 941 2070 τοῦ
972 2031 1108 2082 ἑτέρου
1139 2037 1192 2082 τῷ
1223 2032 1344 2083 ἑτέρῳ
1379 2032 1448 2072 δύο
1479 2032 1649 2081 ἐγένετο.

403 2105 549 2150 Locus
594 2105 669 2148 ille
720 2104 774 2148 de
824 2105 1027 2148 numeris
1077 2104 1253 2149 ridetur
1301 2120 1327 2148 a
1359 2105 1651 2164 Theopompo

404 2184 589 2239 comico,
625 2183 754 2241 cujus
788 2182 926 2226 verba
942 2182 1072 2226 nobis
1097 2189 1335 2226 servarunt.
1353 2181 1483 2242 Diog.
1503 2181 1648 2226 Laort.

403 2262 466 2306 ΙΙΙ
500 2261 524 2321 ξ
560 2263 615 2306 26
651 2268 707 2317 et,
726 2268 840 2306 teste
858 2260 1083 2305 Meinekio
1102 2259 1299 2320 (Fragm.
1320 2261 1474 2305 comio.
1494 2258 1649 2305 Graec.

403 2349 510 2385 tom.
547 2340 589 2384 II
623 2356 665 2398 p.
703 2341 789 2383 796
825 2336 937 2396 sq.),
973 2338 1226 2397 Hesychius
1263 2338 1466 2383 Milesius
1498 2355 1540 2397 p.
1576 2341 1648 2383 46.

402 2417 541 2479 Apud
575 2417 704 2477 Diog.
740 2418 955 2476 legimus:
990 2427 1180 2468 Τοιοῦτος
1204 2422 1240 2461 δ’
1261 2423 1458 2473 ὢν,ὸ’μω;
1475 2424 1649 2472 ἐσκώφθη

404 2505 469 2541 καὶ
501 2502 619 2547 αὐτὸς
643 2504 720 2540 ὑπὸ
747 2507 825 2540 τῶν
858 2506 1045 2551 κομικὼν.
1084 2502 1315 2549 Θεόπομπος
1351 2505 1446 2547 γοῦν
1477 2502 1518 2537 ἐν
1555 2500 1648 2537 Λιι-

404 2598 558 2635 τοχαρει
617 2573 811 2631 [fabulae
862 2575 1049 2619 titulum
1099 2572 1271 2617 omittit
1319 2570 1513 2632 Hesych.
1555 2572 1584 2615 l.
1620 2572 1647 2615 l.
