1938 3248
1043 327 1098 372 16

439 448 656 509 (quocum
674 449 791 494 conf.
804 447 850 494 V
860 464 903 509 p.
920 448 1028 507 726)
1047 449 1104 494 ab
1122 449 1301 510 hospite
1313 449 1599 511 Atheniensi,
1611 453 1692 512 qui

436 527 637 573 doctoris
679 533 832 588 partes
873 527 1092 582 sustinet,
1134 527 1241 573 data
1275 544 1415 589 opera
1447 531 1601 591 agitur
1635 531 1690 575 de

437 607 604 667 pretio,
626 621 716 666 quo
734 607 928 652 virtutes
945 607 1050 651 illae
1066 606 1375 653 aestimandae
1392 615 1502 654 sunt
1518 624 1545 653 a
1561 609 1689 669 legis-

436 685 605 741 latore,
635 685 716 730 sed
747 701 803 730 ne
830 686 934 744 quis
964 684 1070 730 inde
1099 686 1280 741 efficiat,
1309 685 1516 732 ordinem
1534 702 1625 746 quo
1643 688 1690 732 in

436 761 508 807 his
535 762 664 808 libris
699 769 1028 808 enumerantur
1064 772 1112 808 τὰ
1143 774 1210 818 τῆς
1240 770 1381 820 α’ρει-ἥς
1409 770 1509 822 μέρη
1537 765 1690 809 minus

435 840 659 885 fluctuare
710 856 849 899 quam
898 841 946 884 in
993 840 1183 898 Politia,
1229 857 1376 901 neque
1415 843 1504 887 alia
1543 843 1688 899 demi,

435 919 526 963 alia
569 917 688 962 addi.
754 917 858 963 Vid.
908 918 975 963 IV
1013 935 1058 978 p.
1106 921 1193 964 712
1233 921 1298 976 A,
1349 919 1391 964 V
1422 936 1464 980 p.
1504 922 1591 967 733
1626 920 1687 977 E,

435 996 548 1042 V111
580 1014 622 1057 p.
659 999 747 1043 837
783 997 842 1054 G,
875 997 1035 1057 X11p.
1073 999 1162 1043 963
1199 997 1256 1051 c,
1293 1000 1381 1044 964
1417 999 1476 1055 B,
1512 1001 1599 1045 965
1632 999 1686 1044 D.

437 1073 633 1120 Causam
675 1076 812 1134 hujus
846 1076 1078 1120 varietatis
1111 1076 1312 1120 indicare
1345 1077 1502 1131 liceat,
1537 1077 1687 1135 impri-

435 1154 522 1200 mis
553 1161 743 1214 propter
775 1155 1024 1201 utilitatem
1053 1171 1191 1215 quam
1224 1157 1355 1202 affert
1388 1156 1486 1215 ejus
1519 1157 1682 1203 notitia

433 1232 673 1292 interpreti
706 1232 922 1277 Platonis.
991 1233 1123 1279 Plato
1158 1235 1206 1278 in
1241 1234 1432 1293 dialogis
1461 1235 1555 1280 suis
1572 1251 1683 1280 nun-

435 1453 525 1496 733,
552 1453 619 1488 XII
646 1465 679 1500 p.
704 1454 795 1495 963,
824 1454 913 1495 964,
943 1454 1033 1495 965,
1072 1457 1123 1488 est
1161 1453 1363 1500 prudentia,
1413 1455 1549 1502 qualem
1580 1467 1678 1491 senes

432 1518 617 1553 multarum
655 1529 768 1552 rerum
804 1529 868 1552 usu
898 1517 964 1552 sibi
991 1522 1192 1564 comparant
1219 1518 1340 1565 (Legg.
1366 1518 1435 1554 XII
1461 1531 1495 1565 p.
1525 1522 1616 1561 965,
1644 1521 1681 1555 II

431 1596 469 1631 p.
503 1585 593 1623 665,
631 1583 722 1625 672,
750 1585 839 1626 659,
868 1583 917 1619 IV
936 1595 969 1630 p.
998 1583 1086 1627 715,
1115 1584 1167 1619 III
1194 1596 1226 1631 p.
1255 1586 1352 1631 696).
1403 1584 1484 1621 Non
1514 1588 1608 1632 patet
1638 1598 1678 1621 ex

433 1660 537 1696 opere
576 1649 620 1684 de
654 1648 824 1694 Legibus,
865 1649 967 1696 quale
993 1654 1112 1685 auctor
1141 1650 1325 1686 discrimen
1352 1650 1442 1686 iuter
1468 1662 1582 1686 veram
1607 1651 1680 1698 opi-

433 1716 571 1752 nionem
599 1719 632 1750 et
658 1714 862 1761 sapientiam
883 1715 1099 1752 constituerit
1116 1716 1152 1752 in
1168 1716 1269 1752 rebus
1284 1716 1428 1763 agendis
1443 1717 1680 1764 conspicuum.

434 1787 617 1831 Σωφροσύνη
660 1780 791 1827 duplex
831 1785 890 1815 est.
952 1781 1072 1828 (Legg.
1114 1782 1162 1817 lv
1201 1795 1234 1829 p.
1271 1783 1341 1819 710
1378 1784 1417 1818 A.
1445 1783 1509 1826 Β.).
1564 1783 1681 1819 Altera

433 1849 584 1897 δημώδης
609 1858 635 1882 s.
665 1845 835 1893 vulgaris,
861 1846 1015 1894 plebeja,
1041 1860 1128 1896 quae
1156 1849 1319 1886 continuo
1345 1853 1487 1897 apparet
1512 1849 1548 1885 in
1570 1848 1679 1885 infan-

431 1914 524 1949 tibus
550 1918 584 1949 et
611 1913 738 1952 brutis.
769 1914 884 1959 prouti
917 1914 1026 1960 magis
1057 1915 1214 1950 minusve
1242 1916 1457 1951 continentes
1482 1919 1564 1951 sunt
1589 1915 1679 1951 circa

429 1984 487 2022 τὰς
508 1981 640 2020 ἡδονάς.
694 1978 812 2014 Altera
833 1982 948 2015 autem
971 1992 1039 2016 non
1063 1985 1114 2016 est
1138 1981 1246 2018 virtus
1273 1981 1454 2029 primaria,
1479 1981 1539 2017 sed
1569 1981 1677 2017 multo

430 2043 660 2091 praestantior
693 2048 762 2086 est,
803 2055 850 2080 sc.
882 2057 921 2080 ea
957 2057 1060 2092 quam
1098 2050 1244 2094 φρόνησιν
1281 2047 1577 2093 cognominamus.
1626 2047 1677 2082 Of.

429 2109 587 2158 Xenoph.
625 2108 729 2145 Mem.
769 2109 823 2144 111
861 2110 876 2155 §
916 2112 948 2145 4.
1015 2115 1169 2159 Σώφρονος
1205 2114 1279 2158 βίου
1320 2111 1434 2157 imago
1470 2111 1677 2158 proponitur

429 2176 535 2222 Legg.
572 2175 623 2216 V,
652 2187 686 2221 p.
715 2175 787 2210 734
813 2177 839 2210 A
867 2187 943 2223 sqq.

478 2240 550 2288 Qui
576 2240 663 2277 hauc
694 2239 798 2276 vitam
823 2241 911 2287 agit,
939 2245 1051 2277 servat
1081 2242 1139 2278 ille
1168 2243 1204 2279 in
1234 2243 1394 2280 omnibus
1420 2243 1581 2287 modum,
1606 2256 1674 2281 non

428 2306 577 2344 exsultat
601 2317 713 2354 neque
739 2306 775 2342 in
804 2306 923 2343 dolore
949 2319 1012 2344 nec
1040 2308 1076 2344 in
1104 2308 1249 2352 laetitia,
1279 2321 1341 2346 nec
1373 2309 1471 2346 novit
1496 2312 1676 2359 οἰστρώδεις

426 2376 603 2421 ἐπιθυμίας.
656 2371 804 2420 Ἀνδρεία
830 2384 968 2421 quoque
993 2373 1122 2421 duplex
1150 2378 1220 2418 est;
1247 2375 1434 2423 participes
1461 2375 1563 2412 unius
1593 2380 1674 2412 sunt

427 2437 562 2474 belluae
589 2441 623 2473 et
648 2437 830 2474 infantium
857 2439 964 2475 animi
991 2440 1110 2486 (Legg.
1139 2441 1206 2477 XII
1232 2453 1266 2488 p.
1282 2443 1388 2488 963),
1415 2442 1537 2485 altera,
1563 2442 1672 2479 multo

427 2503 670 2551 praestantior,
706 2507 757 2540 est
791 2509 943 2547 πιστότης
977 2510 1009 2544 ὲν
1043 2514 1109 2549 τοῖς
1143 2509 1276 2553 δεινοῖς,
1304 2519 1392 2555 quae
1419 2520 1486 2544 non
1513 2508 1628 2544 differt
1653 2522 1672 2545 a

425 2573 610 2620 δικαιοσύνῃ
640 2570 690 2606 Cf.
717 2572 822 2617 Legg.
852 2573 868 2606 I
896 2584 928 2618 p.
958 2575 1028 2608 630
1041 2601 1049 2615 ,
1067 2577 1126 2608 Ast
1140 2573 1182 2608 ad
1199 2574 1303 2619 Legg.
1318 2578 1397 2614 tom>
1416 2575 1451 2610 11
1465 2586 1522 2621 pp.
1540 2576 1596 2618 27,
1611 2577 1669 2611 30.
