1938 3248
829 358 888 401 47

237 478 498 524 offensionis
531 479 690 535 habet,
719 478 904 525 videtur
920 479 1040 524 enim
1056 479 1234 525 laedere
1263 486 1478 537 εὐφωνίαν.

300 555 496 603 Videtur
539 573 596 603 ex
639 558 721 602 illo
765 558 865 603 loco
897 558 1142 618 profecisse
1173 565 1332 604 auctor
1364 558 1478 618 frag-

237 635 381 680 menti
413 635 536 694 quod
570 636 790 680 tribuitur
817 635 930 680 Polo
964 635 1273 696 Pythagoreo,
1302 643 1348 680 et
1374 637 1478 695 legi-

237 720 316 757 tur
357 713 479 773 apud
523 712 793 771 Stobaeum,
837 713 993 758 Floril.
1039 714 1177 759 Titul.
1222 713 1287 759 IX
1329 712 1352 772 §
1391 715 1477 758 54:

238 800 361 835 Δοκεῖ
385 813 450 846 μοι
481 799 561 836 τῶν
591 797 750 848 ἀνδρῶν
781 801 855 837 τάν
888 799 1150 839 δικαιοσύναι]
1174 799 1328 849 ματέρα
1349 814 1389 836 τε
1409 801 1476 837 καὶ

237 876 400 914 τιθανὰν
431 878 505 916 τᾶν
534 867 666 915 dim-«iv
695 875 841 928 οἷρετᾶν
871 876 1098 929 προσειπέν·
1119 879 1213 927 ἄτερ
1234 878 1308 929 γὰρ
1330 878 1477 922 ταύτας

237 956 326 991 οὔτε
365 955 549 1003 σώφρονα
589 955 678 992 οὔτε
716 954 923 1004 ἀνδρεῖον,
962 957 1051 993 οὔτε
1090 957 1285 1005 φρόνιμον
1322 952 1406 993 οἷόν
1437 969 1476 992 τε

235 1029 354 1080 ἦμεν,
399 1024 522 1082 quod
566 1026 754 1070 effatum
793 1041 1060 1085 componere
1099 1027 1207 1071 licet
1245 1041 1350 1071 cum
1383 1040 1478 1070 sen-

235 1102 379 1147 tentia
422 1102 469 1147 in
513 1100 739 1147 Ciceronis
783 1101 963 1149 Officiis
996 1104 1153 1161 obvia,
1188 1120 1322 1164 quem
1356 1119 1476 1149 secu·

235 1187 310 1225 tus
353 1181 646 1236 Ambrosius,
692 1181 748 1225 de
791 1181 950 1225 Parad.
996 1198 1091 1242 cap.
1135 1182 1203 1226 III
1236 1182 1323 1240 (ed.
1353 1181 1474 1226 Mau-

235 1259 360 1304 rinae
387 1267 495 1305 tom.
525 1260 546 1304 I
573 1276 616 1320 p.
651 1259 756 1316 152)
784 1261 963 1306 scribit:
997 1260 1101 1306 Non
1130 1261 1250 1306 enim
1279 1269 1348 1306 est
1368 1277 1472 1321 pars

230 1338 411 1397 justitia
454 1337 531 1382 sed
565 1339 694 1397 quasi
727 1345 872 1383 mater
904 1340 1121 1384 omnium.
1187 1339 1262 1383 Ad
1295 1340 1472 1396 locum,

237 1416 293 1460 de
330 1432 420 1474 quo
459 1418 636 1475 agimus
651 1452 662 1472 ,
696 1417 854 1462 Stallb.
890 1420 1150 1473 annotavit,
1184 1419 1308 1476 quod
1340 1419 1472 1463 Plato

236 1492 455 1538 virtutem
488 1495 749 1539 universam
781 1494 952 1540 dixerit
986 1502 1271 1553 δικαιοσύνην,
1304 1496 1474 1540 mirum

237 1571 283 1615 id
327 1587 417 1615 non
457 1587 576 1628 esse,
618 1574 726 1632 quia
757 1575 854 1618 sine
887 1575 1057 1619 virtute
1089 1575 1306 1635 primaria
1338 1575 1474 1634 hujus

236 1651 433 1694 nominis
466 1657 640 1696 ceterae
667 1659 782 1707 tres,
816 1651 982 1711 quibus
1008 1653 1120 1698 haec
1138 1654 1233 1697 vim
1250 1653 1475 1713 praebeat,

236 1727 392 1773 adesse
435 1744 526 1774 non
559 1730 735 1790 possint
772 1729 829 1790 1).
896 1729 1161 1777 Putaverim
1193 1731 1346 1791 potius
1380 1731 1477 1778 Pla-

236 1815 409 1864 tonem,
438 1809 573 1852 sicuti
602 1809 909 1867 Aristotelem,
937 1810 1057 1867 (Eth.
1092 1809 1267 1855 Nicom.
1301 1811 1344 1854 V
1379 1829 1388 1854 :
1428 1816 1476 1869 1,

237 1887 304 1932 III
338 1905 347 1931 :
384 1887 430 1945 8)
463 1888 509 1932 in
543 1903 595 1933 ea
621 1904 669 1934 re
687 1896 897 1934 secutum
914 1905 1010 1935 esse
1027 1889 1245 1949 loquendi
1261 1905 1396 1934 usum
1415 1890 1474 1946 2).

235 1965 342 2010 Jam
380 1966 502 2027 apud
541 1967 849 2029 Theognidem
883 1970 1044 2013 latiore
1078 1983 1211 2012 sensu
1241 1974 1475 2027 δικαιοσύνη

237 2045 405 2090 dicitur
447 2047 836 2106 perfecta-virtus.
902 2047 1037 2092 Vidd.
1073 2048 1169 2106 ejus
1202 2053 1474 2104 παραινέσεων

237 2123 284 2168 hi
312 2138 492 2169 versus:
531 2127 638 2183 147,
667 2140 750 2185 sq.,
787 2127 895 2182 200,
932 2126 1040 2182 255,
1076 2126 1184 2181 313,
1220 2126 1329 2182 385,
1364 2126 1475 2182 465,

289 2332 323 2376 1)
364 2332 558 2378 „Quocirca
605 2332 799 2368 mirandum
848 2343 915 2366 non
954 2336 1006 2366 est
1044 2330 1138 2378 quod
1175 2330 1307 2375 justitia
1346 2331 1475 2377 passim

236 2394 357 2432 latiore
383 2408 484 2433 sensu
511 2409 573 2445 pro
593 2397 754 2434 universa
770 2396 896 2433 virtute
914 2395 982 2433 dici
999 2394 1166 2433 videtur?
1190 2395 1309 2433 Stanb.
1328 2395 1476 2444 Republ.

236 2466 318 2498 tom.
343 2464 359 2498 Ι
386 2476 419 2509 p.
447 2465 527 2501 297.

288 2529 324 2574 2)
354 2527 454 2564 Vidd.
489 2541 515 2565 e.
551 2542 582 2575 g.
618 2529 716 2566 Polit.
741 2529 757 2565 Ι
784 2546 790 2565 ;
823 2531 890 2566 361
921 2528 960 2565 Β.
988 2528 1065 2566 coll.
1092 2527 1199 2564 Cicer.
1228 2528 1293 2564 Off.
1323 2528 1339 2563 Ι
1365 2529 1380 2575 §
1409 2529 1474 2571 20,

237 2594 271 2628 11
296 2595 312 2640 ς
339 2596 394 2629 38.
474 2603 477 2605 Α
661 2607 663 2609 v
