1938 3248
975 339 1033 380 20

441 456 656 517 Legimus
688 456 823 502 polit.
859 456 924 502 IV
957 473 999 516 p.
1035 459 1123 502 441
1162 456 1196 503 O
1227 466 1293 503 καὶ
1323 469 1417 515 ἡμῖν
1443 467 1627 511 ἐπιεικῶς

376 541 627 593 ὁμολογεῖται
673 546 723 582 τὰ
761 544 864 583 αὐτὰ
901 545 974 593 μὲν
1017 546 1059 583 ἐν
1099 542 1234 591 πόλει,
1275 546 1324 582 τά
1363 543 1466 583 αὐτὰ
1506 542 1542 582 δ’
1584 546 1625 584 ἐν

377 624 464 668 ἑνὸς
502 625 671 661 ἑκάστου
701 628 812 675 ψυχῇ
841 622 940 673 γένη
970 624 1120 662 ἐνεῖναι
1154 625 1220 661 καὶ
1253 623 1319 662 ἴσα
1349 625 1417 662 τὸν
1450 624 1625 674 ἀριθμόν.

377 693 550 740 Civitas
589 711 616 738 a
650 695 841 739 Platone
874 695 1148 755 proponitur
1180 703 1400 754 tanquam
1433 710 1626 756 magnus

377 774 538 828 homo,
574 773 710 817 homo
745 780 961 830 tanquam
989 788 1131 832 parva
1159 773 1331 818 civitas.
1399 773 1524 829 Quot
1547 775 1626 819 rei-

376 852 585 912 publicae
619 852 791 896 formae
818 858 940 908 sunt,
963 843 1034 896 to't
1057 851 1240 897 Platoni
1263 860 1370 897 sunt
1388 852 1625 897 hominum

377 930 560 990 species.
627 929 776 974 Homo
822 929 869 973 in
903 944 949 974 se
983 929 1077 989 ipse
1113 929 1249 975 habet
1280 930 1624 991 rempublicam.

378 1009 492 1064 (Pol.
528 1009 593 1052 IX
626 1025 668 1068 p.
706 1011 792 1053 581
828 1009 889 1063 E,
929 1010 1015 1052 592
1047 1008 1096 1063 E,
1129 1009 1231 1068 Xp.
1253 1010 1341 1053 608
1359 1010 1426 1066 Β).
1461 1010 1533 1053 Ad
1552 1010 1626 1053 ho-

378 1087 515 1132 minis
536 1087 742 1147 justitiae
774 1094 988 1131 naturam
1013 1086 1332 1132 inveniendam
1352 1087 1483 1133 Plato
1500 1088 1626 1147 prius

378 1166 717 1225 contemplatur
750 1180 849 1209 eam
883 1166 930 1209 in
965 1165 1161 1209 civitate.
1214 1164 1409 1209 Perinde
1443 1165 1625 1209 investi*

376 1244 574 1303 gandam
618 1260 713 1288 esse
749 1245 978 1303 justitiam
1022 1253 1203 1299 monet,
1244 1260 1296 1288 ac
1329 1245 1366 1288 si
1399 1246 1501 1303 quis
1535 1261 1623 1289 non

377 1329 511 1367 acute
555 1322 844 1368 cernentibus
882 1322 1039 1368 literas
1072 1338 1236 1382 parvas
1269 1323 1518 1382 proculque
1551 1339 1625 1383 po-

378 1401 486 1445 sitas
535 1400 750 1460 legendas
799 1400 1084 1456 mandasset,
1134 1399 1298 1444 deinde
1347 1400 1625 1446 animadver-

378 1480 507 1523 tisset
550 1478 732 1523 easdem
775 1480 930 1523 literas
975 1494 1072 1522 esse
1105 1479 1213 1522 alibi
1246 1479 1291 1522 in
1327 1479 1486 1537 majori
1519 1495 1625 1537 quo-

379 1558 484 1602 ‹lam
529 1558 627 1602 loco
671 1556 889 1615 majores,
924 1564 1061 1616 atque
1094 1556 1200 1601 inde
1234 1572 1394 1617 operae
1426 1557 1624 1617 pretium

378 1638 626 1682 censuisset
670 1643 722 1680 ut
768 1636 847 1681 has
891 1637 1040 1696 primo
1081 1637 1307 1697 legenteS,
1344 1637 1408 1681 ita
1440 1636 1624 1682 demum

377 1717 575 1760 minores
630 1715 967 1760 considerarent
1009 1714 1064 1772 1).
1127 1715 1356 1760 Videntur
1399 1716 1512 1761 mihi
1555 1717 1626 1761 ad-

378 1795 569 1840 modum
635 1800 897 1846 πλατωνικῶς
970 1795 1138 1853 scripta
1216 1794 1354 1838 verba
1434 1794 1621 1838 Vineti:

378 1873 527 1917 Essais
583 1871 639 1915 de
694 1872 979 1931 philosophie
1027 1872 1197 1916 morale
1247 1878 1292 1915 et
1341 1871 1397 1915 de
1453 1872 1625 1916 morale

377 1951 638 2008 religieuse‚
685 1949 812 1992 Paris
861 1951 978 1993 1837
1012 1964 1113 2007 pag.
1154 1950 1236 1992 13:
1284 1948 1346 1992 Le
1376 1964 1514 2007 genre
1548 1950 1625 1993 hu-

377 2027 500 2072 main
551 2032 619 2071 est
667 2026 773 2085 plus
816 2026 1092 2085 consequent
1134 2041 1222 2084 que
1267 2026 1333 2070 les
1377 2026 1621 2071 individus.

376 2106 523 2149 Telles
583 2111 685 2148 sont
745 2119 814 2148 ses
873 2119 1080 2159 moeurs,
1131 2105 1239 2148 telle
1290 2111 1358 2147 est
1406 2105 1528 2147 aussi
1577 2120 1625 2147 sa

377 2183 673 2243 philosophie.
740 2182 857 2227 C’est
900 2182 926 2225 ἐι
971 2190 1042 2227 cet
1086 2183 1267 2227 homme
1308 2183 1510 2227 collectis
1535 2197 1623 2241 quc

358 2250 679 2321 's'appliquent
734 2260 799 2303 les
842 2260 1154 2305 observations
1198 2276 1286 2319 que
1330 2276 1445 2305 nous
1484 2276 1624 2305 avons

377 2340 657 2399 presentees3
688 2355 759 2384 ccs
793 2339 1105 2385 observations
1131 2340 1278 2385 vraies
1296 2339 1375 2383 des
1393 2338 1624 2383 individus

432 2577 463 2621 ι)
489 2576 539 2614 cr.
568 2576 670 2612 Pom.
697 2577 727 2612 ιι
758 2589 790 2624 p.
816 2579 884 2612 368
915 2577 965 2620 D,
999 2578 1081 2614 vm
1112 2590 1144 2625 p.
1176 2580 1239 2613 εει
1277 2578 1314 2613 ι).
