1938 3248
857 378 915 419 87

267 498 412 542 Lehre
445 500 652 557 geffilltes
685 499 975 558 allgemeines
1009 499 1185 543 Urtheil
1212 499 1376 555 findet,
1396 500 1512 544 ohne

266 592 320 621 zu
353 576 746 635 beriicksichtigen
787 576 890 620 dass
925 575 1070 620 dieses
1104 576 1227 621 blosz
1262 578 1323 622 im
1358 576 1511 624 Geiste

266 656 385 700 eines
420 655 687 716 Epicureers
715 654 993 714 gesprochen
1026 655 1123 700 ist.”

328 734 441 777 Tiln.
487 750 516 792 p
577 734 631 776 29
673 733 722 776 Ε.
769 731 837 775 Ibi
881 733 937 776 de
982 744 1034 788 τῷ
1074 736 1310 785 >§eunonium
1357 743 1398 778 τὸ
1432 745 1510 779 πᾶν

267 817 352 857 τόδε
393 811 562 856 dicitur
599 818 740 866 ἀγαθὸς
772 815 842 867 ἦν,
877 817 1009 867 ἀγαθῷ
1044 816 1086 856 δὲ
1118 815 1246 863 οὐδεὶς
1277 820 1365 869 περὶ
1397 818 1510 858 οὐδε-

270 899 332 941 νὸς
389 895 577 934 οὐδέποτε
635 897 863 944 ἐγγίγνεται
912 894 1061 946 φθόνος.

329 967 537 1011 Fortasse
589 967 719 1011 Plato
769 966 1018 1027 cogitabat,
1065 967 1149 1011 hoc
1194 969 1291 1011 loeo
1324 967 1512 1026 aliisque

273 1033 519 1100 similibus,
555 1052 606 1089 ut
641 1045 830 1090 Phaedr.
866 1061 965 1105 pag.
1003 1047 1091 1089 247
1111 1045 1510 1101 A.,Herodoteam

266 1124 551 1179 sententiam,
569 1140 683 1184 quae
702 1124 839 1169 etiam
857 1123 978 1184 apud
995 1124 1247 1169 Homerum
1264 1124 1507 1179 invenitur,

266 1201 446 1262 (odyss.
475 1202 541 1246 IV
571 1220 578 1245 ἱ
613 1204 722 1258 181,
752 1201 796 1246 II
825 1204 936 1258 165,
962 1202 1100 1246 VIII:
1121 1203 1228 1260 565)
1253 1211 1292 1247 τὸ
1309 1214 1408 1248 θεῖον
1426 1213 1507 1248 πᾶν

267 1297 361 1326 esse
397 1286 594 1338 φθονερόν.
627 1279 690 1325 Cf.
722 1279 888 1325 Herod.
923 1281 945 1325 I
978 1297 1071 1341 cap.
1103 1283 1180 1338 32,
1210 1280 1277 1326 ΙΙΙ
1311 1297 1403 1340 cap.
1423 1283 1507 1337 40,

267 1358 356 1403 VII
390 1368 497 1418 cap.'
523 1361 578 1402 10
613 1359 650 1401 &
683 1361 766 1413 46,
801 1358 911 1402 VIII
944 1374 1038 1418 cap.
1079 1360 1262 1414 109,a1.
1289 1358 1356 1402 De
1375 1375 1508 1402 sensu

269 1436 515 1479 sententiae
570 1434 849 1479 Herodoteae
902 1436 994 1494 egit
1038 1435 1131 1480 Vir.
1177 1436 1306 1480 Doet.
1353 1437 1406 1480 A.
1453 1437 1508 1480 de

266 1512 442 1574 Jongh:
484 1512 539 1557 de
572 1511 739 1557 Herod.
769 1512 1056 1573 philosophia
1089 1528 1132 1573 p.
1168 1514 1224 1558 39
1261 1530 1346 1572 sq„
1380 1514 1510 1573 cujus

268 1592 487 1651 imprimis
520 1591 815 1636 attendantur
848 1592 956 1635 haec
991 1591 1148 1635 verba:
1197 1591 1510 1647 „Herodoteae

267 1671 513 1715 sententiae
558 1670 666 1714 haec
710 1670 824 1715 ratio
872 1676 940 1714 est
990 1677 1040 1714 ut
1083 1670 1291 1714 universe
1324 1670 1511 1729 quidem

267 1748 474 1793 divinum
528 1764 698 1794 numen
757 1749 963 1793 felicitati
1019 1748 1241 1793 humanae
1291 1748 1510 1805 invideat,

267 1828 464 1871 maxime
508 1834 659 1872 tamen
704 1827 812 1871 haee
856 1826 1028 1871 invidia
1067 1843 1196 1871 suain
1230 1828 1323 1871 vim
1356 1828 1403 1871 in
1437 1843 1511 1872 eos

266 1914 444 1950 exserat
477 1908 554 1965 qui
587 1907 846 1965 fragilitatis
878 1922 1032 1951 rerum
1055 1907 1361 1965 humanarum
1380 1906 1508 1950 obliti

267 1999 348 2027 sua
380 1984 592 2029 felicitate
626 1984 932 2044 superbiunt.”
965 1982 1029 2029 Cf.
1066 1983 1172 2028 ibid.
1207 2000 1249 2043 p.
1286 1985 1358 2029 36.

328 2063 441 2106 Tim.
477 2078 519 2121 p.
558 2065 613 2106 72
650 2063 699 2106 Α.
736 2066 796 2108 Εὖ
825 2071 891 2107 καὶ
919 2068 1045 2108 πάλαι
1081 2067 1237 2117 λέγεται
1262 2071 1303 2106 τὸ
1321 2073 1508 2119 πράττων

267 2150 333 2187 καὶ
382 2149 533 2196 γνῶναι
581 2152 628 2186 τά
673 2165 712 2187 ἴε
751 2150 871 2188 αὑτοῦ
902 2151 968 2187 καὶ
1004 2150 1148 2188 ἑαυτὸν
1181 2151 1354 2198 σώφρονι
1388 2148 1507 2198 ἄνδρα

266 2225 373 2276 μόνῳ
402 2208 634 2277 προς-ήκειν.ἱ

328 2297 431 2342 Non
479 2298 667 2342 fortuito
716 2299 885 2343 factum
934 2298 1117 2343 videtui·
1149 2297 1272 2357 quod
1308 2306 1348 2342 τὸ
1384 2308 1507 2354 ,πράτ-

267 2399 349 2422 τειν
401 2377 709 2436 praemittitur
758 2389 810 2432 τῷ
851 2385 1004 2430 γνῶναι
1024 2414 1033 2430 ,
1088 2391 1232 2433 neque
1284 2375 1509 2434 negligen-

266 2455 352 2499 dus
407 2469 502 2499 esse
556 2455 602 2498 in
642 2453 801 2498 eodem
849 2468 1013 2514 genere
1064 2453 1189 2497 locus
1239 2452 1422 2497 Theaet.
1464 2469 1505 2512 p.

272 2536 356 2578 149
404 2532 465 2589 C,
512 2533 591 2577 ubi
635 2531 837 2578 Socrates
881 2532 991 2576 dicit
1024 2540 1084 2576 ὅτι
1107 2539 1374 2588 ηὀὶνθρωπίνη
1395 2543 1508 2587 φύσις

267 2619 518 2672 ἀσθενεστέρα
548 2623 572 2670 ἤ
598 2617 736 2673 λαβεῖν
768 2610 813 2671 [i.
846 2627 882 2656 e.
918 2622 941 2670 ἤ
970 2617 1066 2656 ὥστε
1098 2615 1255 2672 λαβεῖν]
1289 2615 1433 2670 τέχνην
1451 2606 1507 2657 ὧν
