1938 3248
987 339 1044 380 22

389 463 490 517 sito,
503 462 636 505 liceat
648 460 705 504 ad
717 466 809 503 tres
821 459 1012 503 Politiae
1024 459 1146 503 locos
1160 460 1207 503 in
1219 460 1422 505 medium
1434 463 1637 521 proferre

390 540 611 585 nonnulla
639 554 743 583 cum
773 538 857 582 hoc
884 545 1156 596 argumento
1184 540 1437 598 conjuncta.

452 617 585 662 Polit.
631 616 716 672 IV,
761 632 803 676 p.
850 618 940 661 440
985 616 1032 660 E·
1084 626 1109 672 ἠ
1148 627 1317 674 καθάπερ
1357 626 1399 663 ἐν
1440 630 1488 676 τῇ
1528 623 1637 663 πόλει

389 704 570 754 ξυνεῖχεν
628 702 755 751 αὐτὴν
814 702 905 750 τρία
961 702 1063 739 ὄντα
1120 701 1244 752 γένη,
1303 706 1638 755 χρηματιστικόν,

391 784 668 832 ἐπικουρικόν.
709 777 993 832 βουλευτικὸν,
1031 780 1133 818 οὕτω
1173 782 1240 819 καὶ
1280 782 1322 820 ἐν
1362 786 1475 834 ψυχῇ
1504 781 1638 831 τρίτον

391 864 506 899 τοῦτό
537 862 618 898 ἐστι
635 862 680 897 τὸ
695 858 893 909 θυμοειδές
906 888 915 904 ,
934 859 1147 909 ἐπίκουρον
1165 861 1211 897 ὄν
1230 863 1283 908 τῷ
1301 857 1512 908 λογιστικῷ
1529 861 1638 909 φύσει

393 939 462 978 ἐὰν
491 941 542 987 μὴ
572 938 650 976 ὑπὸ
681 940 805 985 κακῆς
835 941 979 988 τροφῆς
1010 936 1217 987 διαφθαρῇ.

454 1009 706 1053 Praeeunte
733 1007 947 1053 Cicerone
974 1009 1195 1053 vertimus
1218 1009 1360 1067 vulgo
1384 1017 1427 1053 τὸ
1442 1014 1639 1065 θυμοειδές

393 1104 474 1148 per
512 1088 636 1132 iram.
704 1086 793 1131 Sed
825 1094 1077 1145 praestaret
1110 1088 1383 1132 vocabulum
1413 1085 1639 1132 Graecum

393 1167 588 1212 retinere
612 1180 750 1224 quam
769 1164 834 1209 ita
856 1170 1043 1209 vertere.
1077 1165 1152 1209 Ira
1168 1180 1195 1209 a
1213 1164 1440 1210 veteribus
1457 1179 1639 1224 quoque

394 1245 668 1304 proponitur
690 1250 908 1301 tanquam
926 1245 1114 1288 affectus
1137 1244 1194 1301 1),
1214 1244 1367 1302 itaque
1385 1258 1562 1302 semper
1578 1258 1640 1286 ra-

393 1324 516 1367 tione
529 1336 697 1377 carens,
711 1322 1001 1380 praeteriens,
1016 1322 1127 1367 dum
1145 1332 1167 1368 0‘
1180 1333 1294 1379 θυμὸς
1312 1322 1516 1367 Platonis
1528 1337 1638 1366 sem-

394 1417 475 1461 per
492 1401 539 1444 in
556 1400 740 1444 homine
758 1399 887 1444 adest
905 1400 964 1457 2).
999 1400 1201 1444 Eandem
1218 1407 1299 1444 aut
1316 1400 1512 1444 similem
1531 1398 1638 1442 diffi-

394 1480 611 1525 cultatem
634 1478 873 1536 interpreti
890 1479 1077 1537 pariunt
1092 1480 1226 1538 plura
1243 1476 1439 1524 Graecae
1455 1479 1639 1535 linguae

393 1555 638 1611 vocabula,
673 1556 942 1615 praesertim
972 1555 1135 1601 Latino
1163 1557 1424 1617 interpreti3
1454 1555 1639 1601 videtur

393 1636 516 1679 enim
556 1634 667 1677 haee
705 1634 863 1692 lingua
895 1650 986 1677 non
1019 1635 1254 1693 aptissima
1287 1649 1383 1677 esse
1410 1633 1468 1676 ad
1497 1634 1640 1691 expri-

395 1711 582 1758 mendas
610 1711 819 1755 notiones
846 1711 1097 1756 abstractas
1125 1727 1237 1770 quas
1266 1726 1492 1756 vocamus.
1537 1709 1640 1755 Suc-

395 1795 587 1834 currunt
619 1795 877 1844 ἀναισθησία,
906 1793 1015 1844 ἦθος,
1046 1798 1186 1840 πάθος,
1216 1794 1339 1840 αἰδὼς
1369 1794 1415 1832 et
1442 1793 1640 1843 αἷδήμων,

394 1873 640 1927 ἓντελεχεία,
671 1881 915 1924 σωφροσύνη.
951 1866 1021 1912 EX
1043 1867 1286 1926 postremis
1308 1866 1459 1911 Verbis
1488 1874 1557 1912 ἐὰν
1587 1876 1638 1921 μὴ

392 1955 468 1992 ὑπὸ
503 1956 626 2000 κακῆς
657 1955 801 2002 τροφῆς
831 1950 1027 2002 διαφθαρῇ
1054 1960 1110 1989 ne
1137 1945 1300 1989 efficias
1334 1953 1404 1989 τὸν
1435 1953 1573 1999 θυμόν,
1604 1944 1641 1987 Si

393 2039 484 2068 non
516 2023 631 2068 bene
659 2022 870 2067 excultus
898 2029 989 2078 est,
1023 2022 1242 2082 adjuvare
1275 2022 1459 2067 tertiam
1501 2021 1641 2065 animi

393 2108 582 2161 partem.
649 2099 938 2159 Quamquam
988 2115 1077 2144 non
1127 2115 1304 2159 semper
1347 2100 1530 2158 adjutor
1573 2105 1642 2143 est

393 2178 581 2224 rationis
630 2194 662 2222 s.
714 2178 880 2222 mentis
929 2178 1116 2236 ejusque
1171 2178 1356 2223 monitis
1405 2192 1639 2231 assensum

449 2380 481 2421 l)
508 2376 586 2412 vid.
615 2388 644 2411 e.
670 2388 703 2421 g.
730 2377 875 2417 Seneca,
906 2376 949 2411 de
971 2376 1045 2420 Ira,
1073 2379 1156 2411 tom.
1184 2377 1198 2410 I
1227 2376 1280 2411 ed.
1309 2375 1444 2422 Bipontv

444 2445 481 2488 2)
507 2445 523 2479 ὃ
549 2446 643 2491 θυμός
661 2453 796 2488 semper
815 2442 849 2477 in
869 2442 1008 2478 homine
1028 2441 1147 2485 adest,
1166 2441 1351 2488 respondet
1369 2440 1480 2477 ordini
1502 2440 1640 2476 militari

393 2511 427 2544 in
458 2509 612 2551 civitate,
640 2509 754 2557 itaque
784 2508 820 2543 in
847 2507 999 2546 Platonis
1025 2508 1160 2544 civitate
1187 2520 1322 2556 semper
1349 2508 1445 2543 adest
1471 2507 1641 2543 exercitus

391 2573 527 2622 (staand
554 2574 670 2621 leger).
