1938 3248
1046 335 1101 378 56

445 458 731 519 Pythagorae
787 457 1026 517 disciplina
1069 457 1290 517 prodierit
1340 465 1392 503 ut
1442 459 1554 504 nihil
1602 476 1691 505 ma-

442 539 511 597 gis
576 537 818 580 abhorrere
883 537 939 579 ab
1005 537 1101 595 ejus
1165 535 1373 581 doctrina
1443 536 1689 583 videatur.'’

443 616 510 660 De
564 615 794 675 Archytae
854 616 1216 674 fragmentorum
1264 616 1498 661 authentia
1547 618 1690 677 magis

443 709 580 753 quam
636 693 692 738 de
743 700 996 746 ceterorum
1046 694 1263 753 ancipites
1314 695 1555 740 haeserunt
1603 696 1690 740 viri

443 772 577 817 docti.
598 772 641 825 1)
668 772 873 817 Ritterus
907 770 1083 826 (Gesch.
1121 772 1162 815 d.
1197 773 1323 832 pyth.
1359 773 1525 817 Philos.
1547 790 1588 833 p.
1610 775 1688 827 69)

443 866 535 895 non
569 856 706 910 negat
739 851 836 895 fieri
872 851 1096 910 potuisse,
1132 859 1181 895 ut
1214 850 1370 895 Theon
1393 850 1689 911 Smyrnaeus,

443 929 746 973 Nicomachus
780 936 825 972 et
859 929 1138 988 Porphyrius
1171 930 1368 987 genuina
1386 930 1689 985 servaverint,

444 1009 698 1067 fragmenta
747 1015 897 1051 autem
949 1008 1072 1051 illius
1117 1007 1237 1066 apud
1288 1007 1411 1052 Stob.
1458 1009 1553 1052 sine
1595 1008 1691 1052 ullo

445 1085 584 1130 dubio
618 1086 770 1144 spuria
804 1085 1132 1143 pronunciavit.
1185 1084 1355 1129 Eadem
1378 1093 1446 1129 est
1469 1086 1691 1130 sententia

446 1163 567 1207 Frid.
623 1162 822 1222 Adolphi
875 1162 1273 1222 Trendelenburg,
1326 1164 1381 1207 de
1430 1164 1691 1208 Aristotelis

445 1242 704 1301 categoriis,
750 1241 897 1285 Berol.
949 1242 1078 1285 1833.
1128 1245 1165 1284 8.
1203 1258 1300 1301 pag.
1338 1244 1408 1286 22.
1474 1241 1691 1286 Omnium

444 1319 673 1379 Archytae
719 1321 1078 1379 fragmentorum
1122 1335 1236 1377 quae
1270 1320 1317 1364 in
1352 1319 1595 1377 Florilegio
1626 1335 1692 1364 oc-

447 1404 649 1453 currunt,
684 1397 965 1442 authentiam
999 1396 1202 1442 defendit
1232 1398 1470 1442 Petersen:
1506 1397 1691 1442 Histor:

446 1476 600 1535 philol.
638 1474 852 1532 Studien,
890 1475 1126 1535 Hamburg
1164 1477 1280 1521 1832
1315 1493 1356 1536 p.
1395 1479 1472 1529 243
1509 1477 1692 1536 negavit

447 1553 499 1599 O.
531 1553 579 1597 F.
616 1553 823 1614 Gruppe:
860 1554 1010 1598 Ueber
1043 1554 1115 1598 die
1133 1554 1405 1614 Fragmente
1423 1555 1502 1609 des
1520 1555 1690 1614 Archy-

447 1640 515 1678 tas
560 1650 601 1677 u.
639 1634 679 1677 d.
722 1633 881 1677 altern.
918 1633 1134 1693 Pyt-hag„
1170 1633 1315 1677 Berol.
1356 1636 1486 1678 1840.
1524 1638 1573 1688 8;
1608 1650 1694 1678 me-

449 1712 570 1756 diam
625 1711 853 1770 quandam
898 1713 1018 1755 viam
1063 1712 1291 1770 ingressus
1337 1720 1432 1756 erat
1475 1730 1512 1755 a.
1563 1713 1692 1756 1833.

449 1788 743 1834 Hartenstein
777 1791 821 1833 in
859 1789 973 1834 Diss.
1011 1790 1066 1834 de
1086 1790 1314 1850 Archytae
1332 1790 1565 1834 Tarentini
1583 1790 1695 1848 frag-

448 1868 614 1912 mentis
663 1867 998 1926 philosophicis.
1049 1893 1110 1897 --
1159 1868 1265 1911 Tria
1315 1868 1604 1927 potissimum
1631 1882 1694 1910 ar—

447 1953 664 2005 gumenta
714 1952 848 1999 sunt,
899 1946 1063 2003 quibus
1117 1947 1422 1990 recentiorum
1473 1946 1695 1989 sententia

449 2023 730 2068 authentiam
764 2025 1126 2083 fragmentorum
1150 2030 1413 2068 nostrorum
1432 2024 1694 2082 negantium

449 2103 625 2145 nititur.
987 2096 989 2098 ’
1658 2094 1660 2096 ’

513 2178 545 2223 Ι.
581 2178 618 2222 Ε
649 2178 842 2223 dialecto
875 2178 1039 2223 Dorica
1055 2185 1235 2223 tantum
1254 2178 1380 2223 abest
1397 2187 1447 2223 ut
1465 2179 1695 2224 authentia

451 2258 631 2317 probari
666 2259 830 2317 possit,
867 2266 918 2302 ut
951 2259 1161 2302 statuerit
1194 2257 1248 2301 V.
1281 2255 1397 2302 Clar.
1418 2273 1458 2302 V.
1479 2257 1698 2318 Limburg

452 2335 668 2380 Brouwer
712 2352 769 2381 ex
814 2337 1007 2381 dialecto
1048 2336 1211 2380 Dorica
1256 2352 1346 2380 non
1376 2337 1483 2380 satis
1518 2336 1697 2380 demon-

506 2519 541 2561 1)
581 2518 784 2564 Antiquiora
826 2518 986 2563 leguntur
1014 2518 1047 2553 in
1076 2518 1207 2554 Fabric.
1236 2519 1274 2554 B.
1303 2519 1362 2554 Gr.
1390 2521 1473 2553 tom.
1503 2518 1518 2552 Ι
1554 2530 1586 2565 p.
1617 2520 1698 2555 831.

453 2581 507 2617 ed.
535 2582 635 2618 Harl.
