1938 3248
823 337 880 381 27

232 459 419 505 eandem
469 466 622 504 tamen
667 459 861 502 mixtam
906 464 951 501 et
993 458 1288 517 compositam
1337 457 1469 516 (Tim.

232 556 272 600 p.
310 540 365 584 35
405 538 465 594 Α,
512 540 568 583 36
603 537 663 593 Ε,
699 539 755 582 37
791 534 863 594 Α).
931 534 1009 581 Cfr
1046 535 1091 582 C.
1129 536 1176 581 F.
1212 537 1471 590 Hermann,

231 617 286 662 de
314 617 454 662 animi
481 615 688 676 partibus
717 615 1054 664 immortalibus
1088 614 1337 660 secundum
1372 615 1470 659 Pla-

230 705 397 742 tonem.
432 695 576 740 Praef.
607 694 704 739 Ind.
735 693 883 740 Schol.
911 695 959 740 in
991 695 1131 746 Acad.
1166 693 1327 755 Georg.
1351 695 1469 754 Aug.

231 773 420 819 habend.
451 789 487 817 a.
522 773 760 817 1850—51
792 773 922 832 impr.
952 789 1051 833 pag.
1080 775 1148 828 13,
1170 772 1214 819 J.
1232 773 1286 817 A.
1309 772 1473 816 Ahlan-

230 852 312 897 der
346 859 392 897 et
423 852 471 896 P.
506 850 558 896 Ο.
593 851 803 910 Wiberg:
837 851 954 896 Diss.
989 852 1044 896 de
1078 859 1282 896 veterum
1323 852 1370 895 in
1401 867 1471 910 gc-

230 946 336 976 nere
377 929 753 990 philosophorum
790 931 1122 990 praecipueque
1168 930 1372 974 Platonis
1415 928 1471 973 de

229 1009 370 1054 animi
398 1009 442 1054 vi
474 1015 519 1054 et
552 1008 898 1054 immortalitate
926 1009 1179 1065 sententiis,
1209 1008 1258 1054 P.
1284 1009 1323 1065 Ι,
1354 1008 1470 1053 Lun-

230 1088 313 1131 dac
350 1089 480 1132 1851.
512 1091 551 1132 8.
586 1104 628 1147 p.
658 1089 824 1132 4—16.
858 1102 860 1104 ’

290 1167 495 1227 Apparet
536 1165 773 1211 Platonem
817 1165 903 1211 sibi
946 1165 1030 1211 hac
1062 1167 1109 1211 in
1148 1182 1196 1211 re
1237 1183 1328 1211 non
1369 1181 1470 1210 con·

229 1251 349 1289 stare
381 1244 437 1303 1).
502 1244 834 1289 Inconstantiae
861 1244 991 1288 illum
1021 1245 1197 1289 absolvi
1221 1260 1311 1288 non
1336 1259 1466 1303 posse

229 1328 326 1366 tum
372 1329 546 1367 veteres
588 1330 688 1366 tum
731 1323 1002 1367 recentiores
1046 1330 1336 1367 monuerunt.
1403 1320 1467 1365 Cf.

228 1399 318 1446 Cic.
337 1400 393 1446 de
410 1407 499 1445 nat.
517 1400 640 1446 deor.
658 1401 692 1457 Ι,
712 1417 804 1461 cap.
824 1402 894 1457 12,
912 1399 1123 1456 Galenus,
1142 1400 1198 1445 de
1215 1402 1320 1445 foct.
1338 1401 1466 1444 form.

229 1487 335 1524 tom.
383 1479 467 1535 IV,
511 1495 553 1538 p.
600 1480 687 1523 699
733 1478 885 1523 Kuhn.
921 1478 1153 1536 (laudatus
1185 1486 1376 1537 uterque
1410 1478 1467 1522 ab

229 1557 490 1601 Hermanno
518 1558 546 1600 1.
567 1557 594 1600 l.
624 1572 723 1616 pag.
755 1556 825 1614 8),
849 1557 1073 1612 Brucker,
1097 1563 1203 1600 tom.
1229 1556 1272 1612 Ι,
1291 1573 1332 1615 p.
1354 1557 1441 1601 663
1458 1591 1467 1609 ‚

227 1635 541 1688 Tennemann,
587 1633 703 1694 Syst.
748 1634 828 1678 der
871 1634 1048 1678 Platon.
1084 1634 1250 1677 Philos.
1285 1640 1392 1677 tom.
1426 1634 1468 1687 Ι,

227 1728 269 1770 p.
293 1714 391 1756 139.
423 1710 615 1756 Causam
632 1713 747 1756 bene
764 1713 961 1771 explicat
976 1711 1266 1755 Hermannus
1279 1747 1289 1766 ,
1310 1710 1467 1755 Gesch.

228 1805 270 1834 u.
294 1788 411 1850 Syst.
435 1788 517 1834 der
539 1788 717 1835 Platon.
744 1789 912 1834 Philos.
936 1796 1045 1835 tom.
1070 1788 1091 1834 I
1115 1786 1288 1846 (unico)
1312 1804 1353 1848 p.
1378 1790 1467 1834 356

228 1868 328 1911 coll.
364 1884 467 1911 cum
499 1884 541 1927 p.
578 1871 680 1912 344.
718 1868 777 1925 2).

227 2067 294 2102 que
328 2059 458 2102 partem
492 2055 720 2091 immortalem
757 2055 1004 2102 praedicarent.
1058 2055 1114 2090 cff
1145 2055 1256 2091 Procl.
1293 2055 1337 2090 ad
1378 2056 1466 2091 Tim.

226 2132 260 2166 p.
287 2123 378 2162 311,
403 2121 604 2167 Olympiod.
631 2121 745 2156 Schol.
770 2121 814 2155 ad
841 2121 1016 2156 Phaedon.
1042 2123 1057 2166 §
1090 2121 1165 2156 175.

283 2187 313 2231 l)
349 2185 452 2222 Hand
476 2185 621 2222 multum
648 2185 744 2222 abest
774 2186 857 2234 quin
884 2186 926 2222 ad
959 2186 1140 2223 Platonem
1168 2198 1306 2235 quoque
1335 2187 1467 2223 traham

228 2251 328 2286 verba
362 2251 427 2286 Ed.
461 2252 573 2287 Rfith=
610 2252 733 2288 Gcsch.
768 2264 907 2288 unsel-er
940 2252 1077 2288 abendl.
1108 2252 1237 2288 Philos.
1277 2253 1467 2288 Manhemii

230 2317 343 2357 1858,
374 2320 456 2353 tom.
490 2317 544 2360 ΙΙ,
580 2330 612 2364 p.
644 2320 684 2360 2,
719 2329 796 2366 pag.
833 2320 926 2354 864:
965 2318 1030 2354 Die
1056 2318 1220 2354 moderno
1246 2317 1469 2364 Vorstellung

228 2393 294 2417 von
323 2381 416 2417 einer
446 2382 584 2418 absolut
613 2382 791 2418 einfaehen
817 2384 887 2418 und
914 2383 1075 2419 dessbalb
1100 2395 1186 2428 ganz
1205 2384 1468 2419 unraumlichen

226 2446 323 2481 Seele
353 2459 420 2482 war
455 2446 533 2481 dem
564 2446 704 2482 friihern
737 2447 953 2483 Alterthume
983 2447 1090 2493 vffllig
1115 2446 1236 2483 fremd.

278 2512 314 2556 2)
339 2523 372 2556 p.
401 2513 484 2547 356.
535 2511 756 2559 Ueberhaupt
781 2513 864 2548 lasst
888 2524 924 2548 es
949 2512 1021 2548 sich
1046 2512 1176 2548 schwcr
1204 2513 1357 2555 denken,
1387 2513 1469 2549 dass

226 2575 281 2611 ein
309 2576 413 2614 Manu
441 2576 561 2613 dessen
589 2576 922 2613 schriftstellerische
947 2577 1150 2614 Lebenszeit
1174 2578 1272 2613 einen
1297 2578 1468 2615 zeitraum
